2518 4144
200 357 220 424 8
410 369 639 420 rusuruuonns
659 371 742 418 runs
763 368 917 417 csronrcr.

202 533 322 593 sensns,
341 517 464 595 oportet
477 531 561 577 nunc
582 513 671 579 istius
686 512 891 578 distinotionis
906 511 1060 575 rationem
1080 509 1138 574 da·

203 609 323 674 clarare
338 627 345 671 :
860 606 863 610 ’

243 704 274 764 1⁰
295 701 355 766 Alii
378 701 423 763 ita
438 700 643 779 distinguunt.
658 702 715 762 Jus
739 699 899 778 publicum
912 699 967 759 dat
985 696 1089 758 oiiicia
1103 701 1139 760 et
1245 705 1246 718 ³

199 795 274 876 jura
291 793 551 873 magistratuum
575 791 627 872 jus
640 791 798 871 privatum
819 789 874 854 dat
885 791 959 872 jura
983 793 1015 852 ct
1029 790 1138 852 officia

203 887 324 968 populi.
352 887 469 948 Verum
495 883 562 946 haec
591 883 747 947 distinctio
771 903 861 946 mera
883 882 1034 962 antilogia
1062 886 1135 957 cst3

203 980 347 1060 princeps
372 977 457 1038 enim
478 976 664 1040 relationem
686 977 762 1040 dicit
787 977 830 1039 ad
858 977 1026 1057 populum3
1056 995 1135 1056 ergo

203 1071 335 1136 seorsim
348 1069 539 1132 considerari
554 1074 724 1150 nequeunt.
740 1072 872 1150 Insuper
882 1070 957 1150 jura
968 1071 1041 1130 sunt
1052 1069 1136 1130 rela-

203 1164 268 1230 tiva
277 1163 318 1224 ad
331 1163 444 1240 officia,
462 1165 493 1224 et
504 1163 636 1242 proinde
650 1163 703 1244 jus
718 1163 825 1244 populi
840 1165 961 1242 spectat
973 1161 1014 1222 ad
1028 1161 1137 1223 officia

202 1255 362 1338 principis,
377 1258 409 1318 et
432 1255 500 1318 vioe
513 1274 613 1317 versa.
635 1258 755 1336 Ergo...
771 1274 834 1318 non
857 1255 959 1335 magis
978 1255 1136 1316 absonum

203 1351 285 1412 esset
294 1366 390 1410 unam
402 1348 565 1410 scientiam
577 1349 787 1412 anatomicam
800 1350 921 1429 fingere
933 1365 1003 1428 quac
1014 1347 1054 1409 de
1065 1347 1135 1408 solo

203 1441 305 1521 capite
326 1443 495 1517 tractaret,
523 1441 619 1502 aliam
633 1441 672 1502 de
695 1441 847 1519 brachiis,
870 1441 965 1502 aliam
981 1439 1020 1501 de
1044 1439 1136 1520 pedi·
1179 1431 1183 1438 '
1245 1445 1246 1448 ’

202 1533 272 1611 hus,
288 1537 361 1610 etc,
378 1531 464 1594 nulla
478 1532 553 1596 data
566 1533 606 1594 de
619 1551 749 1614 corpore
761 1534 882 1614 integre
897 1537 1048 1613 spectato.
1112 1553 1115 1559 ·

242 1630 273 1687 2⁰
294 1625 354 1688 Alii
368 1625 474 1688 datam
488 1623 721 1688 distinctionem
732 1625 777 1688 sic
787 1625 953 1707 explicant.
965 1627 1001 1687 In
1015 1625 1132 1702 ethica,

204 1717 411 1781 determinato
442 1721 597 1798 conceptu
631 1718 836 1796 moralitatis,
860 1718 935 1799 jura
965 1719 996 1778 et
1030 1715 1136 1779 officia

204 1810 310 1874 omnia
322 1809 572 1872 determinantur
584 1811 816 1891 procedendoa
827 1811 895 1873 civo
914 1811 965 1872 vel
977 1809 1132 1890 principe.

203 1906 228 1966 Ε
241 1905 350 1966 contra
359 1901 468 1984 injure
475 1903 612 1983 publico,
623 1903 830 1965 determinata
843 1903 1004 1984 regiminis
1018 1903 1132 1980 forma,

204 1995 452 2058 determinantur
462 1995 537 2077 jura
558 1999 589 2058 et
612 1995 716 2058 officia
736 1996 937 2076 magistratus
959 1999 991 2058 et
1010 1995 1130 2075 populi.

204 2088 278 2166 Sed,
295 2087 356 2150 hoc
370 2106 533 2167 concesso,
548 2087 750 2153 determinari
773 2088 859 2150 haud
887 2091 990 2168 potest
1011 2088 1045 2148 in
1073 2088 1134 2149 hac
1244 2077 1245 2092 ¹

203 2181 359 2244 sententia
377 2181 537 2262 quodnam
556 2182 597 2244 sit
611 2181 769 2262 objectum
779 2181 859 2264 juris
881 2181 1035 2244 canonici.
1053 2182 1133 2242 Nam

204 2274 304 2354 ajuro
319 2274 469 2335 canonico
493 2273 687 2336 secernenda
701 2278 782 2336 esset
804 2274 1046 2355 magistratuum
1058 2274 1134 2336 doo-

203 2364 296 2442 trina,
308 2365 549 2443 magistratuum
559 2370 801 2445 sacramentum,
808 2368 956 2447 generale
970 2366 1134 2447 negotium

204 2455 493 2535 administrationis,
511 2476 581 2539 quae
596 2459 703 2521 omnia
716 2460 807 2522 fateri
824 2460 941 2522 debent
955 2459 1134 2540 hujus'sen·

202 2548 309 2611 tentiae
319 2549 457 2611 fautores
469 2551 510 2612 ad
524 2551 685 2631 publicum
691 2551 744 2634 jus
753 2552 921 2632 pertinere.
938 2554 1004 2614 Hoc
1017 2553 1132 2632 posito,

205 2641 280 2720 quid
294 2645 472 2704 remaneret
481 2642 545 2724 juri
558 2645 707 2706 canonico
732 2646 783 2707 vel
796 2644 941 2725 privato?
957 2645 1052 2722 Nihil,
1073 2645 1133 2706 nisi

204 2733 357 2795 disserere
372 2732 412 2795 de
434 2735 580 2798 Ecclesiae
607 2737 782 2817 praeceptis,
805 2757 835 2798 v.
853 2757 898 2817 g.,
915 2738 954 2798 de
976 2737 1136 2799 audienda

203 2825 309 2904 missa,
326 2829 385 2890 ete.
403 2827 498 2908 Atqui
512 2827 581 2890 haec
595 2830 701 2891 omnia
716 2830 757 2891 ad
778 2830 914 2892 ethicam
928 2829 1134 2892 christianam
1242 2869 1243 2906 3

203 2921 356 2998 spectant.
384 2920 467 2999 Ergo
489 2919 521 2981 in
537 2921 626 3001 praxi
654 2941 717 2984 non
742 2923 878 2985 retinent
898 2922 1133 2986 distinctionem

200 3010 280 3091 juris
300 3011 413 3090 privati
436 3012 541 3094 ajuro
561 3014 697 3093 publico,
711 3015 764 3077 iilo
790 3015 857 3095 ipso
880 3019 1040 3077 momento
1069 3035 1132 3097 quo

204 3121 275 3164 eam
284 3104 448 3166 adstruere
464 3110 628 3169 conantur.

242 3199 274 3260 3ο
294 3197 367 3275 Alii,
380 3197 471 3279 juxta
485 3198 545 3260 hoc
564 3199 730 3262 iustiniani
746 3201 831 3280 (pars
847 3200 976 3279 ultima,
993 3201 1130 3264 datust.
1241 3269 1242 3274 γ

204 3293 235 3351 et
250 3291 343 3367 Jure,
363 3290 410 3353 tit.
434 3291 488 3370 t):
510 3291 634 3373 «hujus
654 3293 747 3354 studii
765 3293 895 3374 (scilicet
914 3293 995 3374 juris
1019 3293 1132 3374 civilis)

104 3405 106 3410 ¹
204 3383 274 3444 duae
288 3387 361 3445 sunt
374 3383 554 3463 positiones,
568 3385 729 3464 publicum
739 3387 951 3466 etprivatnm3
968 3386 1132 3466 publicum

203 3475 244 3535 ad
258 3478 375 3538 statum
389 3477 434 3538 rei
452 3495 590 3538 romanae
612 3479 756 3557 pertinet,
767 3479 923 3558 privatum
937 3478 978 3540 ad
993 3479 1131 3558 singulo-

202 3583 274 3628 rum
287 3569 463 3647 utilitatem,
479 3592 493 3630 »
513 3573 658 3633 astruunt
662 3570 715 3652 jus
729 3571 890 3651 publicum
900 3571 1053 3634 Ecclesia.
1062 3589 1132 3634 esse
