2518 4144
306 395 588 446 coo1casruc1aus
614 395 697 444 roais
720 395 875 444 cenoman
901 447 906 459 ,
1022 381 1060 444 la

126 539 313 617 differentia,
333 539 392 601 nisi
413 541 498 621 quod
525 539 670 620 apostoli,
702 539 912 618 singularibus
934 537 1060 600 dotibus

125 631 261 713 praediti,
282 631 462 694 infallibiles
481 633 618 709 bierunt,
637 649 696 694 nec
720 635 866 712 poteraut
887 631 1058 694 Ecclesiam

93 788 96 793 ,
125 725 270 787 scindere
280 727 311 786 et
324 743 344 786 a
357 726 459 805 capite
477 725 580 802 avelli,
598 725 642 786 uti
658 723 771 805 singuli
787 723 938 804 episcopi.

165 820 232 880 Vll.
257 819 319 879 Sed
343 819 411 880 haec
438 823 577 899 potestas
607 817 804 899 singulorum
827 816 1056 896 episcoporum,

123 909 232 972 divina
245 909 439 972 ordinatione
454 911 606 988 instituta,
621 911 717 972 aliam
729 929 792 972 nou
806 909 945 972 babebat
958 909 1059 970 deter-

123 1002 341 1080 minationem,
360 1001 418 1064 nisi
440 1003 525 1084 quod
544 1003 673 1065 deberet
691 1021 759 1064 esse
777 1002 891 1084 potiori
914 1000 1058 1082 potestati

123 1094 278 1174 subjecta.
291 1096 380 1157 Unde
395 1095 686 1158 determinationem
700 1095 749 1156 sui
762 1095 855 1158 ollloii
868 1095 1059 1156 inconcreta

124 1205 190 1249 non
202 1187 349 1264 habebat,
368 1187 424 1249 sed
438 1189 562 1268 poterat
575 1205 646 1248 eam
662 1205 682 1248 a
697 1187 851 1267 superiori
871 1185 1059 1249 auctoritate

126 1279 280 1358 accipere.
303 1280 392 1352 Quod
409 1279 527 1342 factum
551 1283 600 1342 est
620 1299 677 1360 per
702 1279 936 1342 distinctionem
958 1278 1059 1340 dioce-

123 1391 202 1434 seon.

164 1468 334 1545 Postquam
348 1481 424 1544 ergo
439 1465 570 1544 apostoli
584 1469 840 1546 propagaverunt
851 1465 1058 1546 Evangelium

125 1563 158 1620 et
167 1559 377 1619 fundaverant
385 1557 568 1636 Ecclesiam,
579 1559 676 1619 alium
683 1577 740 1638 pro
754 1577 886 1620 munere
896 1577 953 1620 suo
965 1555 1058 1636 elige·

125 1653 215 1728 bant,
226 1669 320 1731 quem
333 1650 565 1713 constituebant
579 1651 750 1714 antistitem
763 1652 813 1712 vel
830 1651 1012 1731 episcopum
1025 1653 1060 1714 ut

124 1744 209 1805 illius
227 1743 384 1805 nascentis
404 1744 638 1823 aggregationis
652 1743 871 1806 aeclesiasticae
890 1747 974 1806 esset
986 1762 1059 1822 pas·

123 1841 176 1900 tor
190 1839 222 1897 et
233 1835 389 1915 princeps,
406 1855 469 1897 non
486 1855 576 1898 secus
588 1855 626 1898 ao
643 1855 735 1914 unus,
753 1855 791 1898 sx
805 1835 918 1900 Christi
935 1836 1059 1898 institu-

124 1929 222 2006 tione,
238 1928 341 1990 fuerat
350 1929 391 1990 ad
404 1928 583 1990 universam
595 1930 768 2010 regendam
779 1927 953 1992 Ecclesiam
965 1928 1058 1990 stabi-

123 2021 209 2083 litus.
220 2021 362 2084 Ambitus
376 2025 482 2084 autem
493 2022 642 2084 territorii
657 2023 804 2084 usuvenit
814 2021 953 2098 dioeceses,
970 2021 1058 2100 quasi

124 2114 214 2176 locus
226 2117 378 2193 separatae
391 2114 680 2175 administrationis.
695 2114 834 2175 Societas
849 2114 913 2190 illa,
934 2113 1060 2174 territo-

125 2207 174 2267 rio
192 2206 334 2282 limitata,
361 2206 419 2268 sub
440 2207 587 2286 episcopo
610 2205 711 2285 capite
731 2205 883 2283 instituta,
909 2209 1060 2284 tanquam

126 2299 274 2378 quaedam
293 2299 426 2361 societas
449 2299 589 2378 perfecta
610 2299 643 2360 in
665 2317 780 2379 genere
808 2315 877 2375 suo,
902 2296 987 2360 dicta
1013 2302 1061 2361 est

124 2391 276 2468 Ecclesia,
292 2409 349 2470 per
360 2391 603 2470 applicationem
622 2410 735 2471 nempe
755 2390 890 2453 nominis
912 2391 1059 2470 perfectae

125 2483 284 2545 societatis
311 2483 451 2545 societati
467 2484 511 2545 illi
531 2503 601 2564 quae
624 2484 779 2564 generalis
796 2483 954 2545 societatis
978 2487 1060 2546 esset

125 2594 212 2656 pars.

168 2669 247 2731 Vlll.
270 2671 360 2731 Patet
374 2687 450 2750 ergo
465 2669 645 2731 universam
655 2670 801 2731 Ecclesiae
815 2667 1061 2730 administratio-

125 2779 201 2822 nem
213 2761 320 2823 reduci
335 2780 426 2841 posse
443 2762 475 2823 in
494 2766 632 2841 systema
650 2763 809 2842 generale,
832 2761 917 2841 quod
936 2779 975 2822 ex
988 2760 1062 2822 har·

124 2855 235 2916 monia
259 2854 397 2934 plurium
419 2859 626 2934 systematum
654 2855 892 2935 partioularium
916 2855 1059 2933 exurgit;

124 2947 282 3026 siquidem
298 2947 465 3027 singularis
484 2948 624 3009 Ecclesia
636 2949 859 3028 particularem
878 2947 1060 3009 societatem

124 3039 286 3118 supponit,
296 3039 399 3118 eapite
412 3041 574 3120 episcopm
588 3059 652 3102 una
663 3045 770 3103 autem
779 3046 827 3102 est
837 3039 981 3102 dioecesis
991 3057 1061 3118 par-

123 3132 276 3209 ticularis,
298 3132 444 3195 videlicet
457 3151 590 3194 romana
603 3133 753 3212 Ecclesia,
778 3151 848 3214 quaa
867 3133 1062 3213 gubernatur

125 3225 168 3286 ab
180 3225 335 3305 Episcopo
349 3227 498 3303 maximo,
514 3229 667 3307 tauquam
681 3230 824 3288 centrum
844 3226 940 3288 totius
961 3228 1062 3303 syste-

123 3317 218 3378 matis
245 3318 413 3397 generalis.
437 3318 528 3382 Unde
554 3322 726 3398 systemata
750 3318 952 3399 particularia
977 3316 1062 3376 cirea

124 3411 275 3489 generale
303 3411 473 3472 volvuntur
498 3416 738 3492 respectumque
767 3412 807 3472 ad
831 3411 907 3471 illud
933 3408 1060 3468 habent.

127 3503 282 3575 Quocirca
300 3503 369 3565 haec
387 3504 591 3584 particularia
606 3508 778 3584 systemata
797 3504 829 3564 in
848 3505 971 3564 tantum
991 3516 1064 3577 per·

126 3595 231 3659 tinent
239 3597 281 3659 ad
293 3599 432 3676 systema
441 3597 589 3677 generale
599 3599 632 3658 in
645 3601 797 3678 quantum
806 3595 890 3658 circa
900 3593 960 3654 hoo
970 3609 1063 3671 gene·
1127 3591 1128 3594 ’
