2542 4122
372 306 562 356 ns'corsnro
580 309 664 356 rums
685 309 840 360 amorrei.
1013 303 1072 364 m

182 451 291 512 XXIV.
315 448 555 531 merumque
577 469 638 532 pm
659 454 793 516 asamar
817 456 1071 537 episcoporum.A

141 545 302 606 Glomente
317 545 386 606 VIII
400 549 448 604 est
471 543 621 608 instituta.
648 547 818 626 Gregorius
829 551 909 626 xlv,
927 551 980 630 qui
1003 556 1073 614 tan·

138 655 236 716 quam
254 635 420 715 episeopus
439 638 668 716 Cremonensis,
688 643 858 720 antequam
872 642 977 704 faetus
991 651 1074 706 esset
1200 651 1205 662 '

140 729 1073 814 cardinalis‚sedebatinconeilio'l'ridentino,apprimeeun·

140 822 225 884 scius
243 839 354 882 sensus
368 821 493 884 illorum
508 825 638 886 Patrium
648 825 733 886 cirea
750 826 928 906 rigorooum
940 839 1072 890 amman

139 915 334 980 servandum
354 916 422 977 tum
443 915 483 976 de
498 915 651 994 doctrina,
668 921 736 979 turn
751 919 792 980 de
805 919 946 983 moribus
963 937 1073 983 eorum

140 1008 195 1088 qui
207 1008 414 1086 promovendi
422 1011 512 1070 erant
523 1008 564 1069 ad
577 1009 804 1088 episcopatum,
812 1012 864 1072 vix
876 1015 912 1074 ut
924 1013 1073 1076 Summus

137 1101 283 1164 Pontifex
296 1104 419 1163 creatus
434 1104 492 1176 est,
507 1101 761 1164 dormitationem
774 1103 873 1166 edidit
886 1104 919 1166 in
933 1123 997 1186 que
1008 1105 1073 1168 ior-

138 1213 227 1258 mam
240 1194 334 1275 hujus
348 1193 501 1255 examinis
511 1193 741 1257 determinavit

181 1287 274 1349 Nulla
280 1292 388 1357 tamen
401 1287 604 1367 congregatio
613 1287 655 1348 ad
664 1286 874 1352 hocinstituta
883 1289 1073 1354 fueratllle-

139 1397 230 1459 mma
242 1382 310 1441 Vlll
328 1379 569 1459 predecessoris
577 1381 628 1441 aui
637 1399 716 1461 opus
726 1383 867 1461 perfecit,
876 1386 908 1444 et
921 1385 1071 1462 peculiari

141 1471 361 1534 constitutione
374 1471 470 1533 edixit
487 1475 522 1532 ut
533 1473 624 1534 electi
639 1474 778 1552 episcopi
793 1491 900 1536 coram
913 1494 948 1536 se
959 1479 993 1538 et
1006 1495 1072 1538 cer·

140 1564 297 1626 dinalibus
318 1581 383 1626 sura
406 1564 518 1626 darent
531 1565 691 1644 specimen
701 1565 861 1629 deciduas.
878 1568 968 1630 Unde
977 1569 1073 1631 inlro·

140 1659 237 1720 dueta
246 1660 293 1718 est
307 1657 508 1736 congregatio
522 1658 728 1720 cardinalium
745 1665 776 1720 et
785 1660 999 1739 praelatorum,
1012 1663 1072 1724 sub

139 1751 231 1818 titulo
262 1750 413 1810 examinis
439 1750 678 1829 episcoporum,
710 1750 799 1831 cujus
824 1755 871 1814 est
896 1754 1072 1833 appmbure
1121 1771 1124 1776 ·

142 1843 318 1905 doctrinam
347 1842 437 1904 electi
466 1843 616 1922 episcopi.
645 1845 719 1903 Hae
743 1845 836 1904 etiam
869 1847 1071 1925 congregatio

141 1936 238 1998 habet
249 1953 341 1996 suum
356 1936 571 2012 secretarium,
589 1940 649 1996 etc.

181 2028 348 2090 Hodiernis
381 2027 522 2089 moribus
555 2026 660 2106 potius
701 2026 919 2090 ceremoniale
968 2028 1073 2091 evadit
1139 2105 1142 2110 Ι

140 2121 474 2204 hujusmodiexamen.

179 2217 212 2276 8⁰
229 2213 423 2295 Conprepetr'o
447 2213 571 2294 [odrice
584 2212 620 2275 S.
645 2211 742 2274 Petri.
768 2211 931 2274 Primitive
953 2211 1073 2274 semina

139 2325 206 2370 suae
217 2307 419 2368 institutionis
433 2306 544 2368 habuit
548 2305 615 2387 jam
626 2325 644 2366 e
656 2307 673 2368 J
677 2305 740 2366 ulio
750 2307 793 2378 113
805 2305 861 2368 sed
871 2323 961 2366 suam
972 2306 1074 2369 tenuit

142 2400 337 2461 definitivam
350 2399 606 2462 institutionema
617 2399 776 2462 Clemente
796 2399 877 2461 Vlll.

181 2493 351 2554 Constabat
360 2492 501 2572 pluribus
509 2489 1069 2572 prmlatibusecclesiastieisqueviris.

140 2585 282 2649 SixtusV
294 2586 367 2647 huic
380 2585 509 2664 collegio
531 2583 672 2663 prefecit
683 2584 877 2645 cardinalem
894 2584 1073 2662 archipres-

140 2679 287 2758 byterum
309 2678 414 2740 Sancti
429 2677 522 2740 Petri.
540 2677 684 2738 Clemens
698 2694 774 2738 vero
793 2678 862 2738 vlll
876 2676 960 2737 hunc
974 2675 1073 2738 erexit

140 2771 172 2830 in
187 2789 295 2832 veram
310 2770 587 2850 congregationem
595 2769 834 2846 cardinalitium,
843 2768 972 2850 ejusque
987 2769 1073 2832 auxit

140 2864 316 2926 facultates,

180 2961 216 3018 9⁰
227 2955 423 3037 Coaprrputio
431 2953 636 3037 propoqoadoe
649 2953 732 3035 fidei,
749 2971 820 3035 qum
833 2955 976 3019 instituta
992 2961 1040 3018 est
1053 2977 1073 3018 s

142 3049 293 3128 Gregorio
308 3052 375 3126 XV,
390 3049 431 3110 ad
456 3049 556 3110 instar
569 3047 822 3127 congregationis
849 3049 949 3110 sancti
965 3049 1070 3125 officii,

140 3161 215 3203 nam
234 3141 314 3204 sieut
332 3143 392 3204 iste
415 3142 454 3202 de
478 3141 540 3202 side
567 3140 635 3222 jam
648 3144 823 3220 propagata
837 3141 1012 3215 adlaborat,
1028 3141 1071 3200 ite

140 3235 195 3296 illa
212 3235 251 3295 de
265 3234 327 3295 fide
340 3234 556 3314 propaganda.
571 3235 689 3294 Praeest
710 3233 855 3294 omnibus
873 3231 1072 3292 missionibus

140 3328 173 3388 in
187 3331 293 3407 partes
306 3327 492 3403 infidelium,
510 3329 542 3389 et
554 3325 669 3388 iutuitu
678 3325 863 3386 missionum
877 3322 1010 3402 praedita
1026 3327 1073 3384 est

141 3419 341 3499 amplissimis
362 3419 575 3496 facultatibus,
589 3417 745 3498 siquidem
758 3418 791 3478 in
809 3434 842 3476 se
857 3434 921 3475 una
943 3433 1072 3494 congre·

141 3511 304 3593 gatiormm
330 3513 468 3594 plurium
493 3513 627 3575 aliarum
652 3509 757 3572 officia
787 3509 1014 3590 complectitur,
1042 3513 1074 3573 el
