2542 4122
340 366 380 414 rs
401 364 530 414 cunero
549 365 633 412 rums
652 355 810 414 cenerici.
984 355 1043 416 279

102 510 155 572 ab
168 509 314 572 universe
326 509 465 572 Ecclesia
477 509 509 570 in
518 527 617 572 unum
627 509 1043 587 conveniente-persolveba-

100 607 183 676 tur3
200 603 283 666 uude
298 603 394 665 etiem
406 602 529 682 syderis
543 603 594 662 vel
607 602 727 664 collecto
737 602 858 664 dictum
872 606 931 664 est.

150 696 251 776 Hujus
271 695 452 758 celebrandi
479 696 543 758 duo
574 696 702 758 fuerunt
729 696 874 775 primitus
898 699 1044 776 tempore

101 789 288 852 destincte:
306 807 422 850 surore
435 789 491 850 illu
509 807 637 850 cescens
652 793 683 850 et
698 807 840 868 vespero.

150 882 242 945 Unde
257 881 309 942 elii
334 885 505 944 conventus
519 881 707 959 antelucani,
719 881 772 942 elii
783 881 952 962 vespertini
968 883 1042 944 dicti

102 977 194 1036 sunt.
216 975 280 1036 Sed
293 975 358 1036 vite
370 974 554 1051 monastice,
568 993 637 1053 quae
648 974 717 1054 jem
731 993 750 1036 e
763 974 867 1051 tertio,
885 977 996 1054 quarto
1012 980 1044 1039 et

104 1067 319 1148 sequentibus
331 1067 664 1145 seculisinEcclesism
672 1067 851 1130 introducto
861 1071 918 1145 est,
928 1068 1043 1147 quippo

104 1178 184 1240 quoe
206 1179 245 1220 ex
268 1159 410 1221 instituto
431 1162 498 1221 tote
520 1159 706 1221 versabatur
722 1159 755 1219 in
769 1160 891 1220 Domini
903 1163 1043 1221 contem-

102 1252 261 1332 platione,
275 1252 307 1313 in
320 1251 500 1331 hujusmodi
515 1251 668 1330 psallendi
684 1255 715 1313 et
729 1252 840 1312 orandi
856 1252 1043 1314 methodum

102 1348 175 1408 toto
193 1345 377 1406 incumbens
397 1344 512 1420 studio,
533 1362 605 1404 cem
619 1343 719 1423 magis
733 1344 897 1425 magisque
911 1345 1044 1424 perfecit

104 1441 140 1500 et
154 1437 188 1498 in
202 1437 306 1498 verius
320 1437 415 1498 horas
427 1436 577 1513 distinxit,
597 1454 667 1515 que
681 1435 762 1498 coru
782 1437 928 1498 cononice
949 1437 1042 1500 dicte

103 1535 193 1592 sunt.
216 1532 387 1608 Goeperunt
405 1529 552 1590 monachi
578 1529 665 1590 illam
686 1533 809 1608 portem
829 1530 923 1591 officii
946 1531 1042 1592 divini

104 1643 181 1704 quse
195 1626 268 1684 ente
288 1623 361 1684 solis
378 1623 482 1684 lucem
500 1622 737 1700 persolvebatur
757 1621 790 1682 in
810 1622 874 1684 duo
897 1627 1043 1702 tempora

102 1716 313 1795 distinguere,
330 1715 374 1778 ite
388 1719 423 1777 ut
436 1733 500 1776 une
515 1733 588 1793 pers
607 1733 626 1774 e
641 1715 747 1776 medie
761 1717 863 1791 nocte,
882 1716 983 1777 cll-ere
999 1716 1042 1778 cb

103 1827 224 1870 aurore
249 1809 490 1886 persolveretur.
519 1807 624 1868 Prima
644 1825 718 1886 pars
739 1808 824 1870 dicte
853 1811 901 1869 est
925 1815 1042 1870 cocler-

100 1921 187 1978 cum,
207 1901 300 1962 hodie
315 1919 390 1962 vero
407 1904 537 1963 vocetur
550 1901 737 1961 matutinum.
750 1901 858 1962 Altero
871 1919 944 1978 pers
958 1902 1043 1963 dicte

102 1997 152 2056 est
165 1993 355 2070 matutinum,
367 1993 461 2054 hodie
476 2012 551 2055 vero
569 1991 677 2054 bedec.
701 1991 780 2064 Quis
799 1995 832 2052 et
853 1996 1042 2054 nocturnum

101 2087 211 2166 ipsum
237 2085 272 2146 in
295 2090 359 2148 tren
387 2089 493 2166 perles
516 2086 709 2161 distinctum,
735 2083 838 2164 prouti
860 2089 1042 2163 rumpentes

102 2179 208 2242 noctis
222 2179 357 2258 vigilios,
374 2180 416 2240 sd
429 2179 498 2240 illas
508 2182 572 2240 tres
587 2182 692 2257 partes
702 2177 925 2256 persolvendos
938 2196 1043 2239 essur-

101 2273 242 2350 gehsnt‚
270 2271 343 2332 inde
363 2275 410 2333 est
432 2272 517 2351 quod
538 2270 635 2332 divini
657 2270 750 2332 officii
773 2288 847 2348 pers
866 2285 936 2349 quae
958 2269 1042 2332 dioto

102 2363 1042 2442 fuitnocturnum,intrienocturnedistincteest.Hoeccpud

104 2457 302 2534 Gnosiorum,
327 2456 380 2536 qui
403 2457 498 2518 etiem
520 2459 653 2518 testetur
673 2456 848 2534 primitivos
868 2457 1041 2520 moncellos

102 2569 164 2629 per
186 2549 271 2612 diem
285 2549 364 2612 elias
378 2553 510 2612 statutos
525 2549 619 2610 hores
638 2549 731 2610 officii
755 2549 954 2628 persolvendi
977 2569 1041 2612 non

103 2642 267 2708 habuisse.
286 2643 541 2721 Solumivespere
557 2641 672 2704 iterum
692 2641 922 2702 conveniebant
939 2645 974 2704 ut
993 2642 1041 2702 ol-

102 2735 215 2798 ficium
229 2736 443 2816 vespertinum
454 2735 679 2815 persolverent.

144 2829 211 2890 Sed
226 2829 258 2890 in
272 2829 472 2891 monasteriis
490 2827 722 2907 Mesopotamioe
743 2830 776 2889 ot
793 2827 956 2890 Polestinae
975 2847 1041 2892 cte-

105 2925 224 3000 perunt
240 2922 310 2984 eliae
337 2921 423 2985 hcrae
455 2921 612 2984 canonicae
636 2920 803 2998 introduci,
829 2940 899 3001 quae
926 2941 1040 3003 nempe

105 3012 189 3078 inter
213 3015 384 3078 matutinos
409 3013 519 3076 leudes
541 3017 572 3076 et
592 3031 741 3092 vesperes
765 3015 1036 3092 persolverentur:

106 3106 410 3188 videlieotquaedam
421 3107 517 3170 officii
532 3106 628 3168 divini
643 3125 717 3186 pers
731 3108 940 3185 persolvendo
960 3109 1040 3169 hore

107 3199 208 3278 tertio,
232 3201 265 3262 id
289 3205 346 3278 est,
367 3201 452 3263 circe
470 3201 582 3261 horem
605 3201 1036 3276 nonomentemerldienem,

103 3292 208 3355 'ultera
219 3293 259 3354 ed
268 3303 393 3372 rectem,
406 3312 462 3354 seu
477 3292 561 3354 circe
571 3291 746 3370 meridiem,
762 3291 911 3355 cltereed
920 3311 1036 3369 emere,

107 3403 162 3446 seu
180 3384 265 3450 circe
277 3386 389 3448 horem
401 3385 527 3448 tertium
544 3387 616 3464 post
633 3385 808 3448 meridiem.
830 3385 905 3446 lude
924 3388 1040 3462 preter

107 3479 308 3555 matutinum,
324 3479 446 3557 hodos,
468 3482 500 3542 et
517 3495 676 3558 vesperes,
695 3482 759 3541 tres
786 3476 1039 3540 hcreoencnicae

108 3569 262 3636 introduci
273 3576 449 3653 coeperunt.
535 3565 538 3572 ’
