2502 4130
188 315 247 377 296
401 311 631 376 rnsrrrdrronns
651 329 735 375 rums
756 327 909 375 ennonrcr.

189 472 319 538 dinariis
334 473 550 535 defensoribus
572 476 604 535 et
622 473 783 535 advocatis
801 472 864 532 suis
880 490 960 552 quos
985 471 1131 534 Ecclesia

190 565 319 648 agnovit
329 567 361 628 in
374 567 551 648 principum
564 567 740 647 majestate.

231 661 264 724 Si
284 678 387 722 sermo
411 660 451 721 sit
475 660 513 720 de
538 659 698 721 advocatis
716 659 809 737 primi
827 658 963 737 generis,
984 677 1068 738 quos
1081 678 1131 718 ex-

190 753 415 818 traordinarios
430 753 504 830 dixi,
518 771 653 832 quorum
666 752 809 830 exempla
819 752 974 811 habemus
990 751 1130 830 plurima

189 851 246 911 Vl0
261 850 292 909 et
303 848 372 910 v110
387 845 517 922 saeculo,
533 863 630 925 quum
644 864 694 905 res
709 843 831 905 romani
857 843 983 921 imperii
1003 845 1037 903 in
1057 863 1131 924 pes-

191 942 305 1004 simum
337 937 414 1016 ibat,
446 938 496 998 vel
528 937 730 1018 sequentibus
754 936 876 997 saeculis
910 937 951 997 ob
983 937 1130 1014 politicas

190 1031 419 1096 vicissitudines
430 1050 499 1111 quae
512 1031 671 1109 Europam
685 1030 863 1105 turbarunt,
877 1048 932 1090 eos
945 1030 1014 1090 sine
1033 1031 1129 1091 dubio

187 1127 260 1208 jure
274 1123 484 1186 ecclesiastico
497 1123 600 1184 dicam
614 1123 709 1184 fuisse
722 1121 882 1183 institutos
898 1126 1058 1202 tanquam
1077 1124 1133 1183 ad·

72 1273 75 1279 .
190 1221 318 1281 vocatos
327 1212 365 1277 ¹et
379 1215 559 1277 defensores
572 1217 730 1292 Ecclesiae,
751 1234 808 1275 nec
828 1215 859 1274 in
873 1216 934 1276 boc
948 1217 1016 1276 ulla
1028 1220 1133 1295 potest

192 1330 260 1373 esse
290 1309 453 1370 dubitatio.
480 1309 577 1370 Erant
602 1309 635 1369 bi
660 1312 695 1369 ut
717 1307 889 1386 plurimum
907 1309 1044 1387 privatae
1064 1328 1133 1388 per-

192 1422 289 1480 sonae,
307 1401 476 1482 aliquando
501 1401 595 1462 etiam
612 1401 738 1462 familiae
753 1404 939 1480 magnatum
951 1405 984 1462 et
996 1403 1133 1480 optima-

191 1501 270 1572 tum,
297 1495 409 1574 quibus
437 1495 584 1556 Ecclesia
606 1494 847 1555 committebant
867 1513 975 1555 rerum
1000 1513 1132 1556 suarum
1245 1495 1246 1520 ¹

193 1587 417 1651 defensionem.

232 1683 284 1742 Vl.
303 1680 365 1741 Sed
380 1681 405 1740 si
418 1697 520 1741 sermo
545 1680 585 1741 sit
608 1680 647 1740 de
669 1677 835 1741 ordin'ariis
860 1680 1083 1741 defensoribus
1104 1683 1135 1741 et

193 1771 364 1850 advocatis,
381 1773 489 1851 quales
501 1773 598 1851 agniti
608 1776 680 1834 sunt
686 1772 757 1853 jure
770 1773 982 1834 ecclesiastico
999 1773 1133 1852 impera·

193 1869 278 1928 tores
293 1864 466 1942 christiani,
482 1866 588 1946 aliqua
602 1869 705 1944 potest
724 1884 792 1926 esse
814 1866 1001 1928 difficultas:
1020 1885 1062 1926 an
1076 1867 1133 1928 boc

190 1959 243 2042 jus
267 1958 454 2020 defendendi
477 1958 651 2020 Ecclesiam
665 1959 724 2038 ipsi
740 1957 909 2020 habuerint
926 1960 1133 2021 connaturale

194 2052 374 2134 majestati?
386 2053 435 2114 vel
457 2071 495 2112 ex
513 2051 661 2113 Ecclesiae
677 2052 880 2131 deputatione
896 2052 1038 2130 primum
1054 2053 1134 2114 obti-

195 2145 318 2208 nuerit?
339 2147 386 2230 Et
400 2145 528 2226 quidem
546 2145 689 2223 pluribus
703 2145 821 2224 placuit
845 2163 989 2206 asserere
1005 2146 1068 2206 boc
1082 2145 1133 2225 jus

196 2239 287 2300 unice
301 2257 339 2299 ex
353 2238 549 2318 delegatione
559 2238 708 2299 Ecelesiae
719 2238 907 2318 acquisitum
914 2238 1024 2300 fuisse.
1038 2239 1135 2312 Quid-

197 2331 273 2410 quid
285 2330 365 2411 juris
378 2330 538 2409 potuerint
552 2330 669 2391 habere
684 2330 842 2410 principes
862 2330 894 2391 in
913 2331 1045 2410 negotio
1063 2331 1135 2392 reli·
1246 2339 1247 2404 j

197 2422 299 2500 gionie
309 2427 364 2483 aut
375 2424 556 2485 defensione
571 2423 730 2501 Ecclesiae,
747 2423 780 2483 id
794 2427 862 2485 erat
877 2424 1007 2485 omnino
1023 2424 1135 2486 condi·

196 2514 362 2593 donatum,
398 2521 552 2595 quatenus
584 2535 647 2577 non
679 2517 789 2578 aderat
822 2517 928 2596 aliqua
963 2518 1135 2580 auctoritas

197 2608 364 2688 peculiaris
399 2627 418 2670 a
451 2612 515 2670 Deo
543 2609 686 2671 instituta
707 2628 776 2690 quae
804 2609 864 2671 hoc
892 2629 1009 2672 munus
1036 2610 1136 2672 habe-

197 2705 256 2764 ret.

238 2795 352 2856 Ablata
368 2795 546 2857 conditione
561 2795 619 2856 sub
633 2815 696 2876 qua
705 2795 781 2856 illud
793 2795 964 2874 habebant,
981 2799 1014 2858 et
1030 2797 1133 2875 ipsum

195 2885 248 2968 jus
259 2887 385 2949 corruit.
403 2888 493 2950 Unde
508 2906 571 2949 non
583 2888 643 2950 nisi
658 2907 696 2950 ex
709 2888 906 2969 delegatione
921 2889 1134 2950 ecelesiastica

198 2981 355 3062 profluere
369 2981 480 3059 potuit.
810 2975 812 2980 ’

240 3072 303 3136 Sed
326 3071 399 3134 huic
426 3075 588 3142 sententiae
607 3093 670 3136 non
690 3074 950 3136 subscribendum
972 3077 1029 3136 est.
1056 3076 1135 3136 Cum

199 3167 372 3229 maximum
393 3167 491 3230 civilis
520 3167 677 3230 societatis
698 3169 815 3229 bonum
843 3167 952 3248 religio
975 3167 1026 3245 sit,
1048 3167 1134 3228 nullo

199 3265 291 3341 pacto
316 3261 430 3340 suscipi
451 3260 552 3340 potuit
571 3260 719 3340 principis
742 3259 889 3340 majestas
912 3264 1065 3340 tanquam
1090 3259 1134 3320 in-

200 3354 349 3415 differens
359 3353 463 3434 quoad
480 3353 587 3432 populi
602 3353 786 3433 religionem
798 3353 863 3414 sive
878 3355 965 3430 ante,
982 3353 1048 3414 sive
1063 3357 1135 3434 post
1246 3379 1247 3384 ¹

200 3447 348 3506 Ecclesiae
379 3446 597 3508 fundationem
628 3445 854 3508 consideretur.
884 3447 1056 3524 Propterea
1084 3447 1136 3528 jus
1245 3451 1247 3462 '

202 3536 411 3611 prospiciendi
423 3537 565 3616 religioni
574 3538 692 3616 proprii
701 3541 800 3599 status
809 3557 872 3600 non
885 3538 1135 3600 conditionatum
