2502 4130
207 375 266 437 3⁴2
416 389 646 439 rusmronouss
667 393 751 439 runis
773 391 928 440 canonici

245 533 278 597 3·
300 537 573 610 Quemadmodum
587 541 678 600 aucto
691 537 794 618 rigore
814 539 936 600 interno
952 535 1148 600 familiarum

207 629 416 709 regularium,
433 632 526 693 tertia
546 631 692 711 periodo,
720 632 898 712 augebatur
921 631 1082 711 exemptio
1106 633 1146 693 ad

207 728 305 801 extra,
314 723 484 786 iteratione
499 725 634 802 inversa,
644 726 753 786 eadem
762 725 965 804 proportione
976 727 1147 805 quaemol-

205 815 261 878 lita
282 821 329 878 est
346 818 512 880 austeritas
536 818 660 879 interna
685 818 875 879 familiarum
896 818 1095 897 regularium
1115 822 1145 880 et

207 913 336 972 externa
361 912 516 990 exemptio
531 911 590 972 fuit
609 911 785 973 imminuta.
805 911 896 973 L'nde
912 929 989 972 sess.
1008 915 1039 988 5,
1066 916 1097 989 6,
1112 917 1141 990 7,

208 1007 256 1081 ll,
274 1008 323 1082 16,
335 1009 374 1066 22
387 1005 510 1067 concilii
527 1004 712 1081 Tridentini,
728 1006 834 1083 plures
843 1004 972 1066 fuerunt
984 1023 1142 1066 concessa

208 1098 370 1159 facultates
384 1099 538 1178 episcopis
551 1117 647 1177 supra
659 1099 831 1178 regulares
848 1098 927 1158 adeo
941 1101 977 1159 ut
995 1117 1062 1159 non
1077 1102 1145 1160 tau-

207 1195 276 1250 tum
290 1192 451 1270 regulares
473 1191 627 1270 episcopis
647 1191 750 1252 forent
764 1190 896 1271 subjecti
910 1194 1070 1270 tanquam
1085 1192 1145 1252 cle-

207 1285 274 1361 riei,
286 1285 336 1346 vel
351 1303 408 1364 pro
421 1290 566 1345 contactu
582 1301 676 1364 quem
690 1283 849 1344 habebant
866 1301 938 1342 cum
954 1283 1143 1345 dioecesanis

207 1377 304 1458 (quod
317 1395 441 1456 semper
452 1377 607 1456 obtinuit),
623 1377 679 1437 sed
696 1377 790 1438 ctiam
811 1379 964 1455 tanquam
980 1379 1143 1456 regulares

205 1469 436 1551 subjicerentur
459 1471 628 1550 episcopo,
655 1488 718 1531 non
736 1477 888 1549 tanquam
907 1470 1071 1550 episcopo,
1091 1472 1143 1532 sed

204 1567 355 1644 tanquam
374 1563 518 1643 delegato
538 1562 821 1643 apostolicaesedis,
834 1563 1144 1644 servatosiepriuci-

204 1656 256 1736 pio
268 1655 484 1734 exemptionis.

244 1763 270 1822 N
273 1779 308 1822 eo
318 1762 422 1822 solum
436 1762 481 1824 ita
490 1761 657 1823 imminuta
665 1765 712 1822 cst
719 1762 885 1840 exemptio,
896 1761 952 1822 sed
961 1761 1061 1824 etiam
1072 1763 1141 1844 jure

203 1853 350 1916 definitus
365 1858 412 1916 est
424 1871 572 1915 numerus
587 1854 640 1935 qui
655 1854 850 1915 necessarius
870 1855 962 1916 estin
980 1857 1141 1916 conventi·

204 1949 263 2011 bus
277 1947 481 2028 regularium,
498 1948 530 2008 in
541 1947 631 2008 ltalia
645 1949 676 2007 et
689 1947 721 2006 in
735 1948 844 2008 insulis
858 1947 1094 2027 adjacentibus,
1110 1953 1143 2010 ut
1234 1965 1235 1970 ’

204 2041 366 2124 regulares
392 2045 521 2120 possent
543 2041 649 2120 aliqua
675 2041 814 2120 gaudere
841 2042 1054 2119 exemptione.
1085 2043 1141 2115 Oui

204 2156 288 2198 nunc
311 2141 418 2196 autem
439 2135 479 2196 sit
500 2133 551 2194 hio
569 2153 730 2210 uumeruS,
745 2133 858 2194 deduci
878 2137 982 2212 potest
1003 2153 1045 2194 ex
1069 2155 1141 2197 con-

204 2229 364 2291 stitutione
393 2228 433 2290 Ut
452 2229 483 2288 io
499 2227 617 2307 pactis:
631 2230 666 2288 ut
688 2228 881 2288 monasteria
902 2232 1035 2306 possent
1058 2229 1139 2290 alere
1233 2247 1234 2293 t

203 2323 244 2383 ad
264 2323 368 2383 miuus
383 2341 437 2382 sex
452 2319 629 2398 religiosoS,
647 2338 782 2399 quorum
801 2324 937 2399 quatuor·
957 2321 1022 2381 sint
1039 2340 1138 2382 sacer·
1232 2387 1233 2394 ,

184 2443 189 2452 ·
203 2415 301 2476 dotes.
316 2415 350 2475 Si
363 2413 544 2475 recentioris
564 2413 766 2474 iustitutionis
785 2413 865 2489 sint,
888 2412 1005 2474 debent
1021 2414 1138 2475 duode-

202 2509 264 2571 cim
278 2506 395 2568 habere
410 2507 583 2586 religiosos
599 2524 733 2586 quorum
748 2509 817 2566 octo
834 2505 1014 2567 sacerdotes
1030 2507 1103 2569 sint.

312 2713 343 2752 Do
354 2710 493 2751 utilitatibus
505 2719 559 2759 quus
570 2709 694 2758 istiusmodi
705 2709 863 2749 vicissitudines
873 2708 896 2748 in
911 2708 1033 2748 Ecclesiam

592 2776 740 2815 coutulerunt.

242 2937 337 2999 XXll.
362 2939 394 2996 l⁰
414 2936 574 3016 Mitigatus
592 2935 678 3014 rigor
689 2933 842 3012 regularis
858 2932 1046 3012 discipline,
1060 2933 1131 2994 dum

202 3051 240 3093 ex
252 3049 315 3092 una
327 3033 417 3109 parte
425 3029 582 3090 consuluit
593 3027 747 3088 scandalis
758 3045 827 3107 quae
838 3025 1023 3087 oriebantur
1037 3043 1130 3105 quum

199 3126 417 3204 languesceret
431 3123 558 3201 spiritus
568 3121 734 3200 primitivae
748 3119 940 3180 fundationis
956 3118 1130 3196 (austeritas

200 3217 233 3279 in
246 3218 468 3278 detrimentum
481 3214 585 3293 potius
599 3233 694 3294 quam
704 3215 736 3273 in
748 3213 867 3274 bonum
881 3211 1026 3272 vertebat
1039 3211 1131 3272 disci-

199 3311 293 3390 plinae
305 3307 482 3389 regularis),
497 3327 535 3368 ex
549 3306 610 3368 alia
622 3307 750 3368 abstulit
763 3305 905 3367 societati
917 3321 989 3364 eam
1003 3303 1130 3382 physio-

199 3404 338 3465 nomiam
352 3405 509 3464 austeram
517 3400 721 3480 paupertatis,
734 3417 804 3480 quae
816 3396 1130 3460 velutinaccessibilis

199 3496 337 3553 humano
347 3495 467 3570 gressui
479 3494 655 3555 videbatur.

237 3595 369 3670 Insuper
381 3615 518 3673 peream
532 3615 697 3659 occursum
713 3600 760 3658 est
777 3597 905 3659 neribus
917 3596 1061 3659 delicatis
1072 3611 1128 3659 sae-

1230 493 1235 570 t
