2540 4132
229 344 286 406 lar
437 358 665 406 rusnrurronns
686 359 770 406 runis
792 356 946 404 11111111.

457 578 608 648 CAPUT
632 576 928 649 PROOEMIALE.

258 782 305 832 DE
327 781 469 832 NATURA
492 781 535 830 ET
560 781 753 832 SPEGIEBUS
777 779 1133 832 INTERPRETATIONIS.

267 952 290 1009 Ι.
315 949 533 1028 Interpretatio
555 949 728 1028 generatim
750 949 908 1030 loquendo
926 948 1040 1008 dicitur
1059 948 1164 1008 veriet

225 1042 346 1121 genuini
357 1061 453 1120 sensus
462 1042 587 1122 alicujus
596 1043 735 1102 semeonis
747 1041 940 1120 inoestipotio.
950 1041 1041 1102 Unde
1055 1041 1161 1118 legum

227 1135 441 1212 interpretatio
463 1135 539 1195 nihil
552 1135 637 1195 aliud
651 1139 698 1196 est
715 1135 773 1196 nisi
787 1134 859 1214 lepis
870 1133 998 1194 obscuro
1012 1133 1060 1194 cel
1072 1133 1161 1193 ombi-

226 1247 293 1307 puoe
313 1227 504 1307 explanatio:
525 1249 538 1283 u
554 1228 628 1308 quia
652 1231 742 1288 erant
769 1227 868 1288 multa
891 1227 1036 1303 obscura,
1063 1227 1160 1286 multa

229 1321 387 1400 ambigua,
410 1321 637 1381 declarationes
659 1319 808 1381 adhibitae
824 1323 897 1380 sunt
911 1319 1129 1398 interpretum,
1142 1342 1155 1376 1

229 1415 273 1475 ait
287 1414 415 1474 Tullius.

268 1507 485 1586 Interpretatio
497 1506 707 1586 distinguitur,
722 1511 789 1568 turn
799 1525 856 1584 pro
867 1506 1018 1567 varietate
1030 1505 1159 1586 subjecti

229 1601 312 1660 unde
327 1600 479 1678 procedit,
498 1603 566 1661 tum
580 1619 637 1680 pro
652 1599 803 1661 varietate
815 1600 900 1660 modi
912 1619 974 1679 quo
987 1599 1157 1678 peragitur.

271 1693 453 1772 subjectum
474 1694 557 1752 unde
580 1693 722 1772 procedit
742 1693 957 1771 interpretatio
972 1696 1077 1771 potest
1096 1711 1160 1752 esse

232 1785 283 1846 vel
302 1785 465 1862 legislator
487 1784 565 1862 ipse,
590 1806 645 1846 seu
660 1786 741 1846 illius
761 1804 932 1863 successor,
949 1786 999 1847 vel
1010 1786 1108 1865 judex
1130 1785 1160 1844 in
1266 1775 1267 1788 ¹

231 1876 389 1938 sententia
414 1876 555 1954 ferenda,
578 1880 628 1940 vel
653 1879 793 1939 eruditus
817 1882 872 1939 aut
889 1878 968 1960 juris
993 1879 1105 1940 doctor
1129 1881 1163 1938 ut

230 1969 344 2058 studiis
359 1969 423 2030 suis
437 1969 608 2050 incumbat,
625 1972 675 2033 vel
685 1977 720 2032 nt
731 1972 769 2032 de
781 1971 1020 2050 jureconsultus
1033 1989 1163 2051 respon·

231 2063 315 2124 deat.
344 2063 521 2144 Legislator
545 2083 620 2126 vero
648 2065 738 2126 sicuti
763 2063 928 2144 dupliciter
952 2068 1057 2143 potest
1077 2065 1163 2144 leges

230 2158 324 2236 ferre,
341 2176 454 2236 nempe
465 2157 514 2218 vel
527 2158 612 2237 leges
624 2157 741 2228 directe
751 2148 980 2237 promulgando
995 2159 1045 2218 vel
1055 2159 1163 2220 induc·

230 2256 279 2314 tos
306 2251 413 2330 populi
436 2269 539 2312 mores
566 2251 782 2330 approbando,
808 2251 852 2312 sic
873 2251 1040 2329 dupliciter
1068 2253 1165 2313 etiam

230 2347 335 2422 potest
369 2345 455 2422 leges
484 2363 504 2404 a
528 2364 560 2406 se
593 2344 692 2406 editas
715 2345 935 2422 interpretari,
966 2364 1081 2424 nempe
1113 2346 1164 2406 vel

231 2453 378 2512 expresse
390 2436 619 2498 manifestando
630 2441 767 2498 mentem
778 2456 877 2514 suam,
888 2438 937 2498 vel
947 2439 1041 2500 tacite
1052 2457 1164 2517 appro-

230 2527 336 2588 bando
352 2527 441 2588 illum
455 2529 533 2610 legis
546 2530 737 2595 intellectum
756 2531 809 2610 qui
822 2530 964 2592 moribus
978 2531 1121 2592 invaluit.

272 2621 303 2683 Si
320 2621 481 2702 legislator
502 2624 551 2684 vel
571 2643 672 2702 perse
686 2623 736 2685 vel
751 2643 808 2702 per
821 2624 898 2684 alios
918 2643 1065 2704 expresse
1079 2625 1165 2704 leges

230 2715 461 2794 interpretetur,
478 2717 693 2794 interpretatio
707 2716 775 2776 haeo
786 2716 818 2776 in
832 2715 901 2796 jure
915 2717 1032 2778 dicitur
1045 2717 1165 2778 ootlzeu«

231 2809 299 2882 tica,
324 2827 393 2886 quae
417 2809 481 2870 vim
504 2809 581 2888 legis
601 2809 707 2886 habet,
730 2827 792 2870 non
817 2828 906 2870 secus
925 2829 962 2870 ac
984 2811 1036 2870 lex
1056 2811 1165 2871 illaad

231 2918 326 2979 quarn
361 2901 546 2962 naturaliter
578 2901 817 2981 retrograditur.
845 2903 876 2963 Si
899 2922 975 2964 vero
1003 2904 1167 2983 legislator
1266 2951 1267 2992 ,

230 2996 368 3054 mentem
383 3013 472 3054 suam
487 2995 618 3074 aperiat,
636 3013 691 3056 seu
705 2995 807 3074 legem
823 3015 887 3056 ase
901 2995 1000 3056 latam
1014 2997 1166 3076 interpre—
1266 2995 1267 3062 J

231 3088 314 3146 tetur
337 3105 395 3165 per
416 3087 522 3166 populi
546 3089 821 3166 consuetudinem,
849 3092 924 3150 tunc
947 3089 1166 3169 interpretatio

230 3178 344 3240 dicitur
356 3181 475 3256 asuelo,
488 3199 588 3260 eaque
602 3181 666 3242 vim
680 3181 758 3261 legis
769 3182 864 3242 hahet
874 3201 936 3244 non
949 3202 1050 3254 secus¹
1059 3202 1097 3244 ac
1109 3202 1167 3243 au·

230 3273 369 3334 thentioa
399 3273 615 3354 interpretatio
647 3274 853 3354 legislatoris¹
870 3276 1027 3356 siquidem
1054 3277 1167 3358 optimo
1266 3275 1267 3282 ’

230 3367 325 3454 teporo
351 3367 494 3446 interpres
508 3375 549 3428 est
572 3367 755 3446 consuetudo,
778 3369 823 3429 uti
843 3369 996 3430 hahemus
1021 3370 1054 3430 in
1069 3374 1163 3449 Corp.

227 3459 308 3542 juris
323 3459 403 3539 (cap.
415 3458 556 3534 Dilectus,
573 3460 612 3519 de
627 3461 876 3541 consuetudine).

272 3552 334 3616 Sed
349 3556 380 3612 et
390 3551 489 3634 judex
501 3555 603 3631 potest
612 3551 643 3612 in
658 3553 812 3616 sententia
824 3554 954 3616 ferenda
960 3554 1014 3639 jus
1025 3557 1165 3642 allegare
