2542 4122
213 281 272 346 eet
421 291 651 342 rusurrurrouus
670 279 754 342 tonis
776 293 931 340 cuuouicr.

214 437 379 519 principio,
398 437 546 498 differunt
560 441 664 499 tamen
677 437 879 500 ecclesiarum
891 453 996 498 mores
1009 435 1042 496 in
1056 434 1150 516 hujus

213 529 358 612 principii
374 530 593 609 applicatione.

254 627 334 685 Nam
354 641 451 703 quum
470 640 533 683 non
547 623 642 684 fuerit
660 641 679 682 a
696 622 769 702 jure
793 621 956 683 definitum
971 624 1050 702 quot
1069 621 1150 700 epis-

216 736 313 796 copus
328 717 445 776 habere
460 715 558 794 possit
571 716 621 776 vel
636 715 750 776 debeat
762 714 896 776 vicarios
906 715 1084 794 generales,
1097 715 1151 775 sed

215 810 248 871 id
263 828 282 870 a
301 807 431 870 concilio
453 810 662 869 Lateranense
677 808 843 868 remissum
856 807 951 868 fuerit
969 808 1102 868 arbitrio
1116 827 1151 868 ac

216 901 392 982 prudentiae
419 901 658 980 episcoporum,
685 901 739 982 qui
759 905 806 963 tot
827 901 947 980 possint
969 900 1149 980 hujusmodi

215 995 351 1057 vicarios
373 993 487 1074 eligere
510 998 586 1075 quot
601 994 807 1075 opportunius
829 1013 897 1055 esse
914 993 1148 1074 judicaverint,

215 1089 333 1150 tactum
355 1091 448 1149 estut
462 1087 619 1148 nonnullae
635 1087 775 1148 ccclesiae
796 1087 839 1167 (in
856 1087 947 1148 Italia
961 1087 1148 1166 praesertim)

216 1199 314 1242 uuum
324 1183 447 1242 tantum
461 1180 624 1258 haberent,
639 1181 710 1244 aliae
721 1198 796 1242 vcro
808 1181 932 1260 plures3
947 1181 1035 1260 quod
1051 1179 1151 1260 dupli-

216 1273 294 1334 citer
306 1273 486 1352 contingere
501 1277 604 1352 potest
620 1293 626 1334 :
1250 1325 1251 1350 ,

256 1364 360 1445 Aliqui
371 1365 454 1424 enim
466 1365 628 1444 potiuntur
637 1365 822 1427 auctoritate
830 1368 983 1446 tanquam
995 1367 1152 1444 comprin-
1250 1369 1251 1442 ᾗ

217 1457 376 1536 cipaliter;
394 1457 490 1537 aliqui
500 1461 606 1520 autem
617 1459 791 1520 limitantur
801 1459 914 1536 officio,
930 1459 981 1520 vel
993 1459 1027 1518 in
1044 1451 1152 1520 ordine
1250 1489 1251 1534 3

218 1548 259 1611 ad
270 1549 479 1628 territorium,
497 1551 547 1612 vel
560 1551 592 1611 in
612 1551 721 1612 ordine
736 1551 777 1611 ad
796 1551 1005 1630 quantitatem
1016 1552 1152 1613 auctori·
1250 1551 1251 1578 ¹

218 1641 291 1702 tatis
303 1642 363 1702 illis
378 1643 564 1720 commissae,
576 1643 626 1704 vel
639 1643 671 1702 in
682 1643 790 1704 ordine
804 1644 844 1704 ad
857 1644 1010 1706 attributa
1022 1645 1151 1725 hujusce

219 1733 422 1796 auctoritatis.
440 1736 506 1806 Quo
522 1735 554 1795 in
567 1754 642 1796 casu
657 1735 745 1796 alteri
761 1754 800 1796 ex
813 1736 937 1796 vicariis
951 1738 1151 1816 generalibus

218 1826 384 1888 voluntario
401 1827 551 1906 competit
566 1827 753 1906 jurisdictio,
766 1829 855 1890 alteri
874 1829 1016 1909 liteqiosa.
1031 1831 1150 1890 Primus

221 1918 334 1980 dicitur
348 1919 505 2000 praecipue
521 1920 647 1982 vicarius
659 1921 814 2001 generalia,
829 1922 908 1982 alter
921 1923 1068 2001 officiales.

261 2014 369 2074 XXIX.
388 2013 461 2091 Sed,
478 2013 752 2074 nonobstantibus
775 2015 906 2076 diversis
918 2016 1064 2076 moribus
1079 2017 1150 2076 diae·
1250 2029 1251 2074 i

223 2125 346 2184 oestron,
359 2106 390 2166 in
401 2105 608 2186 applicatione
623 2107 770 2167 tamenin
781 2125 879 2167 uuum
891 2109 1040 2170 convenit
1056 2110 1150 2170 eccle·
1250 2155 1251 2176 ,

222 2199 349 2261 siastica
358 2199 530 2278 disciplina,
540 2201 693 2277 utnempe
703 2199 841 2260 habeant
851 2199 989 2278 episcopi
1001 2201 1149 2263 vicarium
1250 2219 1251 2286 ζ

223 2292 276 2370 qui
288 2292 476 2370 generaliter
488 2291 520 2351 in
534 2310 590 2353 suo
607 2291 708 2352 officio
723 2295 928 2371 representet
943 2294 1149 2374 episcopalem
1250 2307 1251 2352 t

218 2381 487 2460 jurisdictionem
504 2387 535 2446 et
557 2403 628 2445 cum
648 2384 699 2444 hic
722 2385 838 2464 gradus
859 2386 1055 2449 auctoritatis
1079 2389 1150 2448 sita

219 2473 291 2554 jure
307 2473 548 2559 determinatus,
573 2477 645 2537 inde
666 2495 831 2555 possumus
851 2478 999 2557 quaedam
1018 2483 1149 2542 statuere
1250 2489 1251 2508 ³

223 2565 377 2646 principia
387 2566 427 2627 ad
442 2567 535 2648 hujus
545 2569 663 2648 gradus
671 2569 889 2630 auctoritatem
903 2572 1147 2651 exprimendam.

266 2663 296 2720 1⁰
316 2661 390 2720 Haec
401 2660 577 2740 jurisdictio
593 2662 739 2742 delegata
753 2666 809 2724 est.
832 2664 886 2723 uss
901 2663 985 2723 enim
1006 2664 1058 2726 hic
1072 2666 1151 2727 vica-

224 2751 300 2828 rius,
321 2752 373 2830 qui
386 2757 553 2832 propterea
563 2753 813 2834 jurisdictionem
824 2773 919 2835 quam
936 2755 1051 2836 hebet,
1069 2775 1150 2820 asuo

224 2843 394 2904 mandante
410 2846 529 2925 recipit,
546 2846 635 2926 cujus
648 2847 732 2908 vices
746 2848 838 2926 gerit.
1250 2919 1251 2924 ἵ

263 2939 295 2996 2⁰
317 2937 391 2996 Haee
405 2937 480 2998 item
495 2938 669 3018 jurisdictio
685 2943 732 3000 est
746 2940 916 3003 ordinaria.
938 2945 1020 3002 Nam
1034 2943 1152 3024 dejure

226 3029 375 3108 competit
394 3030 507 3093 officio.
529 3031 607 3093 Huic
627 3036 732 3094 autem
751 3033 853 3094 officio
867 3039 1051 3114 competunt
1072 3041 1154 3098 certa

227 3121 373 3202 quaedam
391 3121 465 3201 jura
485 3120 721 3204 facultatesque.
739 3127 783 3186 Eo
803 3126 871 3204 ipso
891 3127 975 3206 quod
991 3128 1154 3206 episcopus

227 3216 364 3296 aliquem
379 3216 576 3294 deputaverit
592 3217 632 3277 ad
645 3217 824 3298 hujusmodi
840 3219 994 3297 officium,
1011 3225 1155 3282 censetur
1250 3213 1251 3284 i

227 3307 270 3367 illi
285 3308 451 3370 mandasse
460 3308 526 3368 sine
537 3308 679 3387 specialis
691 3309 846 3372 missionis
858 3312 1044 3373 necessitate
1052 3312 1154 3374 omnia

223 3399 297 3478 jura
312 3420 381 3480 quae
396 3401 478 3462 dicto
495 3401 595 3462 officio
611 3405 792 3480 competunt
815 3407 846 3465 et
861 3423 931 3484 quae
945 3404 989 3464 illi
1005 3405 1153 3467 accedere

226 3496 366 3566 possunt,
383 3493 441 3552 nisi
457 3493 518 3552 sint
530 3512 674 3572 expresse
687 3500 856 3558 reservata.
