2542 4122
383 343 422 390 un
443 345 572 396 onsncuo
592 350 675 396 suris
697 349 852 398 canomct.
1026 337 1086 402 249

151 487 289 567 dignitas
300 490 432 550 relativa
447 490 487 551 sit
500 491 646 572 dignitati
659 492 809 573 principia
821 495 910 575 cujus
922 499 970 557 est
983 513 1000 556 a
1014 513 1086 558 con·

150 581 239 658 sillia,
270 583 486 662 unusquisque
510 584 596 646 videt
622 587 722 666 quod,
748 605 805 666 pro
831 587 983 666 dignitate
1004 588 1086 650 illius

151 673 242 752 cujus
258 674 430 752 capitulum
444 675 503 736 fuit
516 681 661 754 senatus,
678 679 766 738 varia
781 679 917 757 dignitas
935 680 1087 759 capitulo-

151 785 224 824 rum
234 785 290 826 seu
300 767 380 826 varii
393 768 510 844 gradus
523 769 682 847 dignitatis
696 771 729 830 in
740 771 801 832 hac
815 772 974 850 categoria
986 791 1087 833 emer-

151 862 272 920 serunt.
288 858 449 937 Siquidem
462 861 517 920 ubi
531 862 702 940 capitulum
720 863 763 924 ita
782 868 864 924 esset
884 865 1086 925 constitutum

150 957 187 1010 ut
197 969 259 1010 non
268 950 399 1011 haberet
411 953 575 1030 praelatum
587 973 663 1014 vera
674 956 865 1033 gaudentem
876 957 1087 1018 ecclesiastica

146 1042 377 1123 jurisdictione,
394 1049 488 1122 prout
503 1047 607 1106 evcnit
618 1047 650 1105 iu
663 1048 835 1126 collegiatis
845 1049 945 1108 infimi
956 1049 1084 1125 ordinis,

150 1138 268 1212 praeter
292 1137 437 1214 quaedam
451 1137 525 1218 jura
543 1137 717 1199 honorifica
730 1140 781 1200 vel
794 1158 873 1218 pure
888 1140 1088 1201 administra-

149 1229 226 1304 tiva,
241 1228 319 1288 nihil
333 1229 417 1288 aliud
432 1231 533 1308 potuit
547 1231 726 1309 acquirere3
743 1251 812 1292 sese
825 1233 910 1292 enim
930 1234 1087 1294 referebat

150 1324 186 1380 ut
197 1324 279 1381 esset
291 1325 417 1382 senatus
430 1322 479 1402 cuj
484 1323 596 1383 usdam
615 1324 738 1402 praelati
752 1325 807 1404 qui
821 1325 940 1385 nullam
954 1325 1087 1387 haberet

145 1413 411 1494 jurisdictionem.

193 1506 253 1567 Ubi
261 1523 336 1566 vero
349 1507 531 1585 capitulum,
544 1510 617 1571 licet
630 1510 803 1588 collegiatae
817 1512 969 1588 ecclesiae,
980 1517 1086 1572 tamen

151 1597 291 1658 habebat
306 1598 472 1676 praelatum
488 1601 578 1678 quasi
599 1602 769 1680 episcopali
786 1603 977 1680 gaudentem
992 1603 1087 1683 juris-

151 1691 299 1766 dictione,
314 1691 405 1770 quasi
418 1692 607 1754 cathedralis
630 1693 757 1772 capituli
769 1693 843 1774 jura
860 1695 962 1773 potuit
981 1696 1086 1774 acqui-

151 1801 221 1842 rere
231 1783 263 1840 in
273 1782 540 1846 administratione
553 1787 692 1846 ecclesiae
703 1803 773 1864 quae
784 1786 857 1846 huic
867 1786 996 1864 praelato
1007 1787 1087 1847 foret

151 1876 328 1952 commissa,
343 1876 580 1937 scilicetverum
591 1873 787 1938 influxum'in
803 1884 965 1938 externam
980 1883 1012 1938 et
1031 1896 1087 1954 pu-

151 1969 267 2028 blicam
284 1968 423 2028 ecclesiae
438 1969 751 2030 administrationem.

191 2060 406 2138 Capitulorum
430 2067 535 2121 autem
558 2061 785 2121 cathedralium
805 2061 1009 2123 ecclesiarum
1028 2079 1086 2120 nec

150 2171 214 2211 una
227 2153 286 2212 luit
300 2139 460 2230 dignitatis
471 2153 562 2229 ratio,
580 2154 685 2232 prouti
699 2171 762 2212 non
777 2171 839 2211 una
854 2152 990 2230 dignitas
1004 2153 1087 2230 epis-

154 2262 304 2322 coporum
313 2263 447 2322 quorum
455 2249 544 2306 eraut
553 2251 690 2306 senatus.
701 2245 846 2304 Inlimum
857 2244 972 2322 quippe
981 2244 1086 2304 locum

155 2337 289 2396 obtinuit
319 2337 489 2414 capitulum
518 2337 656 2398 ecclesiae
680 2337 862 2414 simpliciter
883 2337 1082 2416 episcopalis;

153 2428 307 2508 majorem
337 2430 507 2508 capitulum
544 2431 772 2508 metropoleos;
807 2429 961 2510 majorem
990 2429 1102 2492 etiam-

152 2521 324 2598 capitulum
359 2522 498 2582 ecclesiae
538 2523 721 2600 primatialis
759 2523 809 2582 vel
841 2523 1082 2600 patiiarchalis3

151 2613 307 2692 siquidem
321 2620 426 2674 erata
445 2615 580 2674 consiliis
604 2615 686 2674 illius
707 2615 901 2675 auctoritatis
921 2633 992 2692 quae
1017 2632 1084 2674 sese

150 2706 308 2767 referebat
322 2707 361 2765 ad
375 2706 512 2784 negotia,
528 2725 591 2767 non
608 2707 700 2766 unius
714 2709 837 2766 tantum
855 2705 1006 2782 ecclesia,
1029 2705 1085 2766 sed

150 2798 291 2858 omnium
301 2799 503 2859 ecclesiarum
513 2799 682 2877 provinciae
694 2799 744 2859 vel
754 2797 898 2858 nationis.
914 2799 1084 2876 Propterea

148 2890 182 2949 in
209 2891 318 2950 ordine
344 2909 400 2951 suo
427 2891 467 2950 de
489 2891 732 2969 metropolitana
758 2891 809 2951 vel
836 2889 1004 2968 primatiali
1028 2909 1083 2950 seu

148 2983 353 3062 patriarchali
371 2983 579 3062 participabat
602 2984 797 3060 auctoritate,
813 2983 846 3043 in
860 2989 1012 3063 quantum
1024 2982 1084 3042 sci-

147 3075 222 3136 licet
233 3094 297 3134 una
314 3093 386 3136 cum
398 3077 596 3153 metropolita
611 3076 661 3136 vel
674 3076 806 3153 primate
821 3095 876 3136 seu
890 3073 1080 3154 patriarcha,

147 3168 275 3246 negotia
289 3167 489 3246 provincialis
503 3168 553 3228 vel
567 3168 733 3228 nationalis
746 3169 885 3228 ecclesiae
900 3169 933 3227 in
947 3165 1082 3226 solidum
1152 3180 1157 3194 ³

148 3259 397 3320 administrabat.

189 3354 255 3412 Hoc
271 3371 346 3430 ergo
358 3371 506 3430 processu
518 3353 690 3430 inductiva,
699 3354 740 3413 ad
754 3354 834 3412 hanc
849 3349 1081 3411 conclusionem

147 3445 380 3506 deveniendum
388 3463 455 3506 esse
465 3445 638 3506 videretur:
650 3445 820 3524 capitulum
829 3439 1080 3502 ecclesiaecathe-

146 3537 243 3605 dralis
255 3555 406 3615 romanae,
415 3543 610 3626 -tanquam
621 3540 765 3602 senatum
779 3535 860 3596 illius
874 3533 1013 3622 episcopi
1026 3533 1081 3614 qui
