2540 4132
167 331 224 394 tra
375 347 706 394 1nsr1rur10nnsrun1s
729 347 882 392 oenomai.

208 491 288 568 (Hac
306 489 345 550 de
366 508 399 550 re
417 490 551 551 multum
570 489 712 552 utilitatis
736 489 877 550 conferre
897 491 999 566 potest
1016 489 1103 549 cele-

167 581 339 644 berrimum
359 601 438 660 opus
460 583 561 644 Caroli
584 585 750 660 Ducange‚
771 582 856 660 quod
871 585 964 642 vocat
984 579 1103 642 Glossa-

167 675 245 734 riam
263 675 366 736 media
381 684 409 734 et
424 675 535 754 infima
555 675 737 752 latinitatis.)
754 675 802 735 Ad
820 674 879 734 hoc
895 677 1015 751 spectat
1029 673 1101 735 haee

167 767 294 846 regula,
315 786 341 828 e.
358 771 392 843 8,
409 767 443 826 de
459 767 537 828 verb.
554 767 682 848 siqnifie.
696 787 707 826 .·
721 766 791 826 Non
804 766 923 826 cadam
942 785 979 825 en
996 766 1100 842 verbo,

167 859 218 920 sed
239 878 351 919 sensam
374 879 411 920 ea
434 879 516 920 sensa
542 859 718 939 transferri,
742 859 812 938 qaia
831 858 1007 938 pleramque
1029 858 1104 918 darn

162 951 331 1032 proprietas
358 952 509 1014 verboram
532 952 710 1026 attenditur,
732 971 828 1012 sernas
854 951 988 1012 veritatis
1011 951 1104 1011 amit-

169 1045 253 1106 titur.

208 1139 288 1198 Vlll.
305 1141 361 1196 4⁰⁰¹
376 1137 490 1199 Thoar.
516 1137 651 1198 Voluntas
676 1137 850 1216 legislatoris
873 1137 999 1198 relation
1016 1155 1103 1216 pra-

168 1230 294 1292 saniitar
309 1238 483 1310 temporam,
507 1231 633 1290 lororarn
649 1237 677 1290 et
692 1249 883 1310 personarunt
902 1229 1051 1310 adjunctis
1073 1230 1104 1288 in

169 1323 272 1405 quibas
287 1324 335 1384 len
349 1322 427 1383 edita
441 1333 493 1385 est.

214 1417 304 1478 Ratio
328 1420 374 1478 est
398 1417 472 1496 quia
495 1417 544 1477 hee
567 1417 809 1478 circumstantiae
835 1417 962 1478 fuerunt
983 1415 1104 1476 motiva

171 1527 241 1588 quae
260 1509 446 1589 legislatoris
461 1509 655 1571 voluntatem
674 1509 715 1569 ad
733 1509 836 1586 legem
855 1509 1032 1570 faciendam
1047 1509 1103 1570 de-

170 1601 388 1664 terminarunt.
403 1603 493 1666 Unde
509 1601 650 1681 sequitur
663 1601 724 1662 hoc
738 1601 959 1662 corollarium:

211 1695 300 1765 Quod
320 1695 451 1754 historia
470 1699 648 1772 temporum
668 1694 829 1772 interpreti
850 1695 1027 1755 necessaria
1046 1695 1100 1772 sit,

171 1790 205 1847 ut
219 1789 286 1846 tuto
305 1786 409 1846 valeat
428 1805 555 1846 sensum
579 1787 685 1866 legum
705 1787 754 1848 vel
777 1805 933 1848 canonum
954 1787 1104 1848 determi-

171 1896 258 1953 nare,
274 1877 429 1956 siquidem
444 1879 530 1938 nulla
544 1880 594 1940 lex
607 1899 626 1940 a
641 1879 737 1958 priori
753 1879 829 1940 etin
844 1880 1001 1940 abstracto
1017 1881 1103 1958 apud

172 1969 314 2031 homines
340 1971 423 2032 facta
449 1975 514 2046 est;
544 1973 599 2033 sed
629 1991 736 2034 omnes
764 1975 942 2051 temporum
968 1973 1103 2034 circum-

172 2062 292 2126 stantiis
307 2063 379 2126 latae
394 2069 475 2126 sunt.

211 2157 300 2220 'Unde
316 2157 384 2219 haec
399 2158 509 2238 regula
523 2159 565 2238 (c.
582 2162 617 2234 6,
633 2158 668 2219 de
682 2158 833 2219 verboram
849 2158 1102 2240 sipnificationel:

171 2251 372 2330 Intellipentia
386 2251 530 2312 dietorarn
544 2270 581 2312 en
595 2252 688 2312 earnis
702 2259 743 2312 est
756 2251 925 2312 narranda
938 2271 950 2312 .·
965 2252 1036 2332 qaia
1048 2271 1107 2312 nan

171 2343 298 2403 sermoni
310 2362 369 2419 res,
385 2343 437 2403 sed
446 2344 492 2404 rei
504 2351 546 2404 est
558 2363 650 2404 serino
664 2343 817 2424 subjectas.

212 2437 264 2494 IX.
283 2437 337 2494 5⁰⁰¹
352 2435 465 2496 Theor.
490 2436 626 2498 Voluntas
641 2437 815 2516 lepislatoris
830 2427 898 2496 talis
908 2437 1107 2517 prasarnitar

172 2527 286 2608 qualern
301 2545 363 2587 earn
380 2526 496 2588 antibat
510 2529 630 2590 indaeta
643 2529 798 2590 secandam
815 2530 904 2610 lepern
919 2529 1103 2590 consuetudo.

213 2621 302 2684 Ratio
325 2624 371 2682 cst
388 2621 462 2701 quia
478 2622 570 2700 primi
589 2623 640 2702 qui
659 2624 763 2702 legem
781 2623 813 2682 in
828 2623 950 2701 praxim
972 2623 1109 2684 reduxe-

174 2719 257 2791 runt,
275 2715 422 2777 censendi
436 2720 508 2776 sunt
522 2716 633 2776 melius
646 2734 710 2794 prae
727 2715 847 2777 cateris
860 2717 1000 2794 potuisse
1015 2717 1107 2795 legis-

173 2807 281 2868 latoris
291 2811 429 2869 mentem
442 2827 640 2887 cognoscere.
651 2811 676 2869 N
680 2827 719 2870 cn
730 2812 835 2870 autem
845 2809 993 2886 proesumi
1004 2812 1109 2887 potest

174 2897 384 2976 legislatorem
405 2900 495 2961 facile
517 2901 697 2980 permisisse
719 2902 979 2962 consuetudinem
1000 2899 1107 2962 induci

174 2991 311 3070 propriae
326 2993 478 3055 voluntati
495 2995 693 3055 contrariam.
710 2995 799 3056 Unde

218 3082 423 3148 Corollarinrn.
441 3089 524 3165 Ergo
545 3087 612 3148 dari
630 3106 692 3148 non
707 3090 811 3164 potest
829 3086 925 3148 tutior
937 3087 1050 3166 regula
1067 3087 1107 3148 ad

176 3179 446 3258 interpretandam
457 3181 560 3259 legem
573 3199 667 3259 quam
679 3199 805 3240 morum
817 3179 968 3258 inspectio
981 3180 1108 3240 illorum

177 3272 229 3351 qui
255 3271 358 3351 legem
386 3273 487 3350 ipsam
515 3273 732 3334 observarunt.
761 3272 850 3334 Unde
877 3271 945 3333 haec
970 3272 1102 3350 regula:

176 3365 287 3450 optima
306 3365 401 3445 lapara
422 3365 565 3445 interpres
585 3373 627 3425 est
645 3364 832 3440 consuetodo,
854 3383 949 3444 quam
972 3365 1106 3444 legimus

178 3476 204 3518 c.
219 3462 248 3534 8,
267 3458 305 3518 de
321 3457 555 3520 consuetudine.
1125 3459 1132 3472 “

218 3551 291 3608 Haec
306 3554 379 3612 sunt
392 3549 554 3627 potissima
567 3551 774 3628 theoremata,
787 3568 856 3630 quae
871 3550 1024 3619 inservire
1037 3567 1104 3629 pos
