2540 4132
299 351 405 402 moron
427 353 580 404 sracnrrs
600 353 684 404 rums
705 356 859 406 cnnourcr.
1009 346 1048 406 97

155 490 303 564 Collectio
314 498 498 578 lsidorisna,
516 504 588 579 post
599 499 818 579 prelationem
833 499 1049 564 exhibetordi·

112 613 190 656 nem
205 591 384 653 celebrandi
399 593 550 670 concilia,
571 593 686 654 deinde
709 593 882 656 decretales
902 593 1049 672 epistolas

112 693 331 750 Romanorum
342 685 541 763 Pontificum,
554 705 574 746 a
583 685 734 748 Clementi
745 687 771 746 l⁰
780 685 822 746 ad
835 686 1048 764 sylvestrum

110 784 227 860 possea
248 795 384 838 canones
406 777 625 854 conciliorum,
644 782 710 840 tam
732 779 929 858 generalium
956 797 1051 859 quam

110 870 373 952 particularium,
398 869 431 929 in
446 873 547 932 certas
568 872 683 932 classes
705 869 907 945 distributos;
924 871 1052 934 demum

111 963 315 1046 sequentium
329 965 542 1024 Romanorum
556 964 743 1026 Pontificum
754 963 931 1026 decretales
950 981 1051 1044 usque

111 1059 155 1120 ad
172 1055 359 1135 Gregorium
372 1056 534 1134 Magnum.

153 1151 201 1211 Ob
216 1147 402 1227 ignorantiae
414 1147 553 1210 latebras
561 1148 675 1228 quibus
687 1148 926 1232 historiabujus
941 1149 1054 1212 collec-

111 1243 209 1306 tionis
223 1239 402 1317 involvitur,
418 1240 496 1301 nihil
510 1241 644 1320 amplius
668 1241 708 1303 de
723 1261 762 1303 ea
774 1241 855 1304 scire
870 1259 1050 1321 possumus.

257 1387 267 1438 ς
282 1388 311 1428 ΙΙ.
327 1396 359 1428 nr
373 1381 539 1430 summm
552 1398 737 1431 munuc-mrum
750 1399 904 1432 umeros.

409 1508 427 1547 1.
443 1508 605 1550 marmium
614 1509 755 1560 murm.

152 1634 190 1696 V.
221 1629 311 1705 Onod
340 1629 381 1692 ad
405 1627 544 1710 Dionysii
575 1629 792 1694 collectionem
818 1630 955 1710 attinet,
983 1633 1049 1695 sive

112 1725 298 1805 inspiciatur
311 1723 431 1784 indoles
446 1727 477 1784 et
501 1723 663 1802 ingenium
679 1723 868 1802 collectoris,
898 1724 963 1786 sive
982 1743 1048 1788 res-

112 1819 249 1898 piciatur
265 1815 451 1878 existimatio
466 1833 561 1896 quam
573 1835 670 1895 penes
679 1816 806 1878 Latinos
819 1817 887 1878 brec
905 1817 1047 1880 collectio

112 1911 171 1972 sibi
186 1909 425 1988 comparaverit,
436 1909 520 1970 omni
535 1909 597 1970 ilde
608 1908 792 1988 dignissima
806 1909 950 1972 babetur.
967 1913 1046 1971 Nam

112 2003 230 2065 scimus
255 2019 292 2062 ex
306 1999 490 2063 Cassiodoro
508 2001 554 2080 (o.
574 2004 612 2062 23
630 2001 808 2061 divinarum
823 2002 1043 2081 Lectionum),

114 2096 167 2178 qui
180 2096 291 2155 auctor
302 2093 449 2172 Dionysio
465 2111 590 2154 coaevus
603 2095 666 2169 est,
684 2092 767 2152 hunc
778 2093 938 2154 bominem
952 2093 1047 2153 luisse

113 2192 182 2249 tum
204 2187 235 2246 in
256 2203 374 2264 graece,
396 2189 463 2248 tum
488 2186 521 2246 in
541 2185 640 2246 latina
662 2183 771 2263 lingua
788 2183 1044 2245 versatissimum.

71 2275 77 2300 '
112 2283 286 2358 Propterea
303 2279 342 2338 de
356 2277 437 2338 illius
450 2277 581 2339 scientia
602 2277 634 2337 in
651 2274 854 2338 traducendis
867 2275 978 2355 graecis
994 2293 1048 2336 ca·

112 2371 250 2433 nonibns
265 2389 322 2431 nos
338 2370 482 2432 dubitare
495 2389 558 2431 non
573 2387 749 2448 possumus,
759 2368 928 2430 scientiam
942 2373 1048 2430 autem

113 2463 320 2526 decretalium
355 2463 589 2524 Pontifioiarnm
625 2463 729 2524 nullus
769 2464 893 2540 poterat
929 2461 1046 2524 hebere

112 2556 271 2637 majorem
291 2573 386 2635 quam
407 2555 590 2634 Dyonisius,
604 2555 656 2635 qui
672 2557 780 2616 Romae
802 2553 937 2632 degens,
954 2558 989 2614 ut
1002 2554 1047 2615 ait

112 2648 335 2725 Cassiodorus,
352 2665 441 2708 suam
456 2647 670 2709 collectionem
696 2645 882 2726 composuit.
905 2647 986 2724 llrgo
1006 2645 1045 2706 de

111 2741 247 2803 scientia
262 2740 436 2802 collectoris
451 2738 595 2801 dubitare
610 2759 672 2802 non
682 2757 859 2818 possumne.

155 2833 220 2896 Sed
234 2797 329 2894 ellam
337 2849 400 2892 non
416 2835 462 2893 est
477 2850 533 2892 cur
545 2832 583 2892 de
596 2832 677 2893 illius
688 2831 844 2911 probitate
855 2830 1043 2910 dubitemus,

113 2925 273 3006 siquidem
297 2924 483 2986 describitur
506 2923 729 2986 aGassiodoro
749 2927 899 3004 tanquam
911 2923 960 2984 vir
971 2941 1045 3004 pro·

112 3017 223 3080 bitatis
246 3017 402 3094 maximae,
429 3016 571 3078 moribus
595 3015 722 3078 omnino
746 3017 923 3092 Romanus,
943 3021 978 3078 ut
1006 3017 1051 3078 ait

114 3111 202 3171 idem
211 3108 426 3184 cassiodorus,
441 3108 583 3168 alludens
594 3108 635 3168 ad
644 3126 748 3170 mores
763 3107 898 3169 nationis
909 3108 1046 3186 Scythae.

115 3205 196 3265 Gom
227 3205 333 3262 autem
349 3200 438 3263 ,certi
469 3200 567 3261 simus
595 3201 634 3260 de
665 3199 795 3261 scientia
832 3205 864 3262 et
894 3199 1050 3279 probitate

116 3293 314 3370 collectoris,
349 3292 444 3352 fidem
476 3293 559 3353 illius
591 3291 764 3356 collectioni
801 3293 958 3372 denegare
986 3307 1050 3350 nou

114 3403 295 3466 possumus.

157 3479 209 3538 Vl.
236 3477 324 3550 Quod
341 3475 365 3538 si
381 3475 575 3539 Barbardius
589 3476 743 3558 quosdam
757 3475 872 3558 ingerit
887 3471 1050 3552 scrupulos

115 3570 228 3634 deiide
239 3569 414 3632 collectoris
425 3570 624 3651 suspicando,
636 3570 753 3632 scilicet
762 3567 945 3650 Dyonisium
955 3564 1050 3630 fuisse

208 3689 271 3736 rou.
292 3691 310 3733 1.
927 3673 943 3734 t
