2540 4132
341 361 446 412 166161
469 361 622 410 6111611116
641 361 725 409 rums
746 357 899 408 61661161.
1023 349 1080 411 itt

153 509 239 590 quod
250 509 275 569 si
285 507 363 570 tales
376 525 410 568 se
424 506 562 568 habeant
573 505 754 588 hujusmodi
765 505 861 584 leges,
875 503 949 567 ticet
958 506 1080 570 silentio

153 603 195 664 ob
217 600 356 664 Ecclesia
382 599 568 678 praeterita,
604 617 675 678 qnae
701 597 787 659 credi
821 613 884 658 non
905 599 1024 676 possint
1040 601 1081 662 ab

152 693 292 756 Ecclesia
308 692 403 754 fuisse
418 693 577 771 probatas,
594 692 715 752 nultum
737 689 865 752 omnino
880 691 1081 770 suppeditare

150 789 280 867 possent
295 785 327 845 in
346 803 380 844 rc
406 784 558 845 cononice
582 786 814 864 argumentum.
843 784 909 845 Hoc
930 783 1034 846 evenit
1055 785 1080 846 si

150 881 238 958 leges
250 877 430 958 huJ'usmodi
445 877 646 956 disponerent
659 877 698 937 de
711 893 745 936 re
764 893 827 937 non
838 875 976 955 propria,
993 877 1034 938 de
1047 895 1082 939 re

151 971 272 1033 seilicet
292 969 513 1046 ecelesiastica,
530 970 580 1030 vel
599 970 625 1030 si
646 967 864 1030 66616616611666
887 969 1081 1048 dispositioni

152 1066 258 1126 essent
272 1062 445 1123 contrariae.
459 1063 549 1124 Unde
564 1063 683 1124 Bened.
709 1063 803 1138 x1v,
825 1061 922 1139 11169,
938 1080 964 1123 6.
982 1065 1030 1140 14,
1042 1063 1082 1124 de

153 1175 223 1236 syn.
253 1155 345 1216 dioec.
379 1157 546 1234 postquam
561 1156 694 1216 asseruit
714 1155 895 1216 universum
910 1153 966 1236 jus
991 1153 1081 1216 civite

152 1201 407 1330 praesumendum
432 1253 499 1308 6666
522 1248 562 1310 61)
592 1247 732 1308 Ecclesia
755 1247 944 1326 probatum,
970 1247 1083 1310 limitet

152 1347 259 1406 tamen
281 1339 362 1402 hano
375 1341 652 1419 praesumptionem
669 1339 727 1400 snb
745 1357 783 1400 ca
801 1339 979 1402 conditione
997 1339 1081 1420 quod

149 1435 203 1516 jus
213 1433 303 1494 civile
314 1433 459 1510 disponat
468 1433 507 1492 da
516 1452 550 1493 re
561 1433 798 1512 mereprofana,
812 1451 869 1494 nec
883 1432 980 1494 sacris
990 1449 1081 1495 ceno·

153 1525 450 1588 nibusadversetur.

207 1691 244 1732 111.
258 1689 357 1738 neforto
366 1690 473 1739 emimus
484 1690 516 1730 est
525 1689 576 1739 sm
589 1695 703 1730 1661611161
713 1695 821 1730 comen
831 1686 1020 1738 intepretatum

194 1822 245 1882 XI.
271 1823 349 1882 Cum
368 1820 442 1880 nulli
461 1821 575 1882 dentur
590 1837 725 1880 canones
743 1819 783 1879 ab
797 1819 937 1880 Ecclesia
952 1837 971 1880 a
985 1819 1082 1898 priori

154 1915 186 1974 ct
198 1911 230 1972 in
244 1913 399 1974 abstracto
413 1912 540 1989 conditi,
558 1913 612 1972 sed
626 1930 734 1972 omnes
744 1915 811 1972 tum
821 1911 1002 1990 dogmatici,
1016 1915 1083 1972 tum

154 2005 379 2084 disciplinando,
392 2006 442 2065 vel
455 2005 651 2066 occasionem
665 2005 715 2064 vel
726 2003 990 2082 opportunitatem
1001 2002 1083 2064 nacti

152 2098 269 2158 fuerint
289 2098 321 2157 in
339 2101 490 2176 tempore,
512 2097 584 2157 inde
604 2099 650 2157 est
665 2095 749 2175 quod
763 2101 941 2173 temporum
953 2093 1083 2155 circum-

153 2190 276 2252 stantia
291 2191 323 2250 in
335 2208 443 2250 omnes
458 2189 624 2250 canonicas
639 2187 857 2266 dispositiones
872 2185 1083 2266 aliquomodo

152 2283 343 2358 influxerint,
361 2281 484 2362 illaeque
500 2283 539 2342 de
554 2285 696 2359 tempore
711 2299 765 2340 666
780 2279 819 2338 de
831 2278 868 2338 iis
883 2277 1083 2340 circumstan-

151 2375 203 2436 tiis
214 2374 441 2455 oiiquantulum
455 2373 722 2453 participaverint.

192 2467 269 2528 Inde
280 2466 347 2546 jam
360 2467 573 2543 tradebarnus,
590 2467 622 2526 in
642 2469 673 2526 3³
689 2469 719 2526 et
738 2469 771 2525 4⁸
785 2466 895 2545 regule
924 2465 1082 2527 canonicor

153 2559 430 2638 interpretationis
452 2563 630 2638 temporum
654 2557 817 2620 historiam
836 2559 901 2618 sive
918 2557 985 2638 ejus
1000 2575 1082 2618 conn-

151 2650 350 2730 parotionem
383 2651 424 2712 ad
459 2649 705 2713 vicissitudinem
732 2651 928 2728 linguarum,
951 2647 1016 2708 sive
1042 2649 1082 2711 ad

151 2761 255 2804 mores
289 2743 491 2822 populorum,
522 2743 683 2822 interpreti
709 2741 918 2803 necessariam
949 2759 1016 2802 6666
1048 2743 1083 2804 nt

151 2853 258 2897 sacros
283 2853 418 2896 canones
445 2836 578 2914 explicet
601 2840 633 2897 et
649 2836 804 2914 explanet.
822 2835 911 2896 Unde
933 2834 1079 2913 historia,
1159 2843 1196 2856 ’”·

152 2946 223 2989 6616
244 2928 389 2989 omnihus
408 2929 471 2989 suis
492 2929 738 2990 derivationibus
761 2945 816 2988 666
847 2945 919 2988 6616
937 2929 1082 2992 omnibus

151 3020 288 3082 scientiis
311 3039 380 3100 quae
403 3039 473 3082 eam
494 3021 685 3082 adminiculo
715 3039 782 3081 esse
801 3024 946 3101 possunt,
970 3021 1082 3084 consti-

150 3113 210 3174 tuit
233 3113 404 3194 quemdam
424 3113 541 3175 fontem
569 3117 599 3174 et
618 3113 744 3193 quidem
756 3115 935 3192 generalem
946 3133 984 3175 ex
1000 3115 1081 3178 facto

151 3204 234 3266 unde
246 3205 346 3285 possit
357 3206 512 3285 interpres
527 3209 714 3286 argumenta
725 3225 849 3268 sumere
864 3208 905 3268 ad
921 3223 1081 3268 sacrorum

152 3315 308 3359 canonum
324 3317 449 3360 sensum
462 3299 713 3378 investigandum
734 3303 764 3360 et
777 3298 1010 3362 vindicandum.
