2542 4122
219 307 279 376 sta
428 313 658 374 meruerimus
677 312 759 368 rents
782 308 934 368 aaronita

631 392 635 398 ’
787 399 799 424 Ι

219 468 346 532 nasterii
368 467 555 533 continetur.
573 465 611 528 Hi
631 464 775 528 obtinent
796 461 938 526 infimum
961 461 1099 541 madum
1119 457 1150 522 in

219 563 279 623 hac
299 561 472 641 categoria,
488 563 519 620 et
540 560 687 620 dicuntur
713 559 843 619 abbates
865 574 922 616 nec
944 555 1072 634 proprie
1094 572 1150 614 nec
1248 575 1249 602 t

219 655 388 735 improprie
402 653 521 714 nullius.
538 652 590 713 Sic
603 651 811 712 determinata
830 649 955 710 notione
973 647 1068 728 hujus
1081 665 1150 726 gra·

218 749 288 826 dus,
297 746 511 809 determinatis
524 762 648 824 quoque
663 743 827 822 speciebus
841 741 994 822 ejusdem,
1003 741 1149 820 quaedam

217 839 424 922 proponenda
450 840 523 898 sunt
549 836 703 915 principia
738 837 779 898 ad
809 835 950 914 ipsorum
974 833 1049 914 jura
1078 834 1150 894 defi-

217 935 343 995 nienda.
990 962 992 966 ¹

257 1028 365 1088 XXIII.
380 1023 577 1091 l⁰Ahhatum
586 1021 761 1102 jurisdictio
771 1019 941 1099 originaria
953 1037 1016 1080 uon
1028 1023 1088 1097 est,
1097 1020 1150 1080 sed
1203 1077 1206 1080 ,

217 1119 372 1198 delegata.
384 1118 463 1179 Sunt
477 1115 561 1206 enim
573 1114 719 1176 humanae
729 1111 941 1174 institutionis.
957 1114 1032 1172 Haec
1045 1115 1150 1172 autem

217 1213 364 1290 delegata
387 1208 557 1272 auctoritas
574 1225 638 1268 non
660 1209 765 1284 potest
784 1223 851 1266 esse
868 1204 908 1266 ab
931 1204 1074 1264 inferiori
1098 1224 1150 1264 seu

217 1304 396 1364 dioecesano
426 1301 608 1379 episcopatu
642 1298 801 1375 derivata,
827 1296 915 1376 quasi
946 1296 1151 1358 constitueret
1250 1321 1251 1352 i

216 1396 385 1476 quemdam
398 1393 534 1473 gradum
542 1391 711 1453 vicariatus
722 1390 754 1450 in
765 1389 909 1454 diaecesi..
919 1391 974 1450 Est
986 1389 1072 1450 enim
1083 1389 1150 1469 qui-

217 1488 290 1549 dem
306 1487 423 1568 gradus
442 1483 635 1548 auctoritatis
649 1481 888 1561 independentis
907 1482 947 1542 ab
963 1482 1149 1544 auctoritate

216 1581 353 1660 episcopi
366 1578 546 1655 dioecesani,
564 1580 596 1640 et
609 1575 712 1656 potius
731 1575 868 1654 episcopi
886 1574 1033 1653 potestati
1052 1575 1150 1654 aequi-

215 1677 345 1752 paratur
366 1673 441 1751 quin
470 1671 513 1730 illi
537 1671 752 1730 subalternata
782 1667 947 1730 habeatur.
974 1669 1058 1746 Itrgc
1087 1685 1147 1728 non
1250 1669 1251 1704 ³

215 1767 312 1824 restat
324 1763 386 1823 nisi
401 1766 436 1823 ut
450 1781 520 1824 cam
535 1763 675 1823 dicamus
686 1779 706 1822 a
719 1777 866 1839 supremo
882 1759 1022 1822 ecclesiae
1042 1765 1148 1823 aucto

214 1855 314 1916 ritatis
337 1855 438 1934 gradu
458 1854 631 1916 derivatam
655 1871 733 1930 esse,
755 1853 788 1913 in
811 1871 930 1932 suaque
961 1852 1085 1932 origine
1119 1856 1148 1913 et

214 1952 327 2010 natura
340 1947 514 2026 inspectam
534 1965 597 2008 nen
619 1965 686 2008 esse
700 1946 759 2006 nisi
773 1946 942 2026 quemdam
960 1945 1147 2008 vicariatum
1250 1973 1251 2000 ÷

214 2059 367 2121 suprema
383 2040 476 2121 hujus
491 2039 693 2116 auctoritatis,
711 2057 780 2118 quae
794 2039 884 2101 sicuti
896 2038 964 2100 otiis
980 2039 1146 2100 auctorita-

214 2139 277 2197 tem
292 2133 468 2214 impertitur
488 2132 803 2212 supraepisoopaiem‚
823 2131 867 2194 ita
880 2131 948 2195 aliis
967 2150 1026 2210 pro
1040 2131 1146 2194 Eccle-

214 2229 267 2288 sia
282 2227 515 2306 opportunitate
529 2225 618 2306 quasi
630 2225 840 2304 episcopalem
854 2223 1060 2285 concredidit.

252 2324 283 2378 2⁰
305 2321 378 2380 Haec
396 2318 571 2398 jurisdictio
593 2317 735 2380 instituta
757 2320 805 2380 cst
818 2317 859 2378 ad
881 2317 980 2378 instar
996 2316 1145 2396 jurisdic-

212 2408 305 2472 tionis
319 2410 521 2484 dioeocsanae;
538 2411 622 2472 unde
636 2410 795 2474 ordinans
811 2413 868 2488 est,
885 2409 979 2470 realis
994 2415 1026 2472 et
1040 2416 1145 2490 pasto-
1250 2419 1251 2502 ᾗ

211 2501 295 2565 ralis.
313 2501 386 2564 Ideo
401 2501 433 2564 in
443 2521 558 2582 genere
571 2504 665 2564 statui
677 2506 779 2582 potest
789 2503 857 2564 haeo
869 2503 1043 2582 proportio,
1060 2505 1142 2584 quod
1250 2507 1251 2514 ’

211 2595 356 2658 videlicet
368 2595 465 2658 abbas
481 2598 527 2658 ast
541 2595 573 2656 in
587 2596 714 2658 abbatia
727 2599 762 2658 ut
776 2595 941 2674 episcopus
955 2596 987 2656 in
1001 2596 1139 2658 dioecesi.

117 2735 119 2738 .
211 2689 276 2748 Imo
294 2694 329 2750 ut
345 2689 396 2750 hic
413 2689 530 2768 gradus
546 2689 739 2750 auctoritatis
753 2688 855 2767 magis
868 2688 964 2750 etiam
979 2690 1143 2750 accederet

210 2780 322 2859 gradui
333 2782 497 2862 dignitatis
505 2781 700 2860 episcopatis,
713 2781 858 2842 inductus
869 2781 1141 2860 estquidamritus
1250 2789 1251 2864 t

209 2869 435 2934 benedictionis
451 2874 602 2936 abbatum
616 2873 657 2934 ad
676 2873 776 2936 instar
796 2874 1041 2936 consecrationis
1065 2875 1142 2954 epis·

210 2965 337 3042 copalis,
352 2969 387 3026 ut
396 2985 509 3046 nempe
520 2966 610 3028 sicuti
626 2965 764 3044 episcopi
776 2966 1028 3046 jurisdictionem
1042 2967 1141 3030 imita·
1250 2967 1251 2970 ’

209 3060 305 3136 retur,
316 3057 399 3120 itaet
409 3059 562 3122 ordinem.
571 3058 661 3120 Unde
672 3077 804 3136 capaces
813 3059 893 3120 fiunt
900 3059 1141 3122 administrandi

208 3151 299 3230 plura
315 3151 554 3213 sacramentalia
576 3168 645 3230 qua
660 3151 788 3229 proprie
806 3155 879 3212 sunt
893 3151 1082 3230 episcopalis
1091 3152 1143 3233 ju-

207 3243 507 3316 risdictioniassoucd
518 3244 692 3323 praesertim
714 3244 753 3306 da
765 3243 931 3310 abbatibus
943 3245 1142 3324 regularibus
1250 3253 1251 3308 t

88 3365 90 3368 ·
206 3336 512 3416 intelligendumest.

230 3428 855 3492 '3⁰Sedinoonflietuinterauctoritatem
864 3428 1143 3500 abbatisetancto-

206 3517 330 3580 ritatem
349 3520 486 3600 episcopi
504 3521 590 3583 intra·
600 3521 688 3611 cujus
703 3523 876 3591 dicecescos
888 3525 967 3586 fines
983 3524 1019 3608 (si
1035 3543 1140 3588 sermo
