2518 4144
231 319 270 380 56
442 332 772 408 1nsrrrurronesrun1s
794 333 948 382 ceronrcr.

229 478 288 540 bus
310 477 411 540 causis
433 478 482 540 vel
503 477 722 542 controversiis
747 479 818 539 letae
842 477 974 554 fuerint,
999 478 1056 538 sed
1083 479 1160 542 adeo

229 572 291 632 sint
302 571 383 633 iuter
397 591 430 632 se
443 572 635 649 conformes,
654 575 690 633 ut
700 571 752 652 jus
765 571 797 631 in
816 570 970 650 supremis
983 569 1045 634 illis
1065 572 1160 635 tribu·

230 666 351 728 nalibus
361 685 420 726 usu
433 669 594 745 receptum
609 666 833 727 demonstrent.

254 751 346 823 stilum
359 761 464 820 autem
474 758 622 820 inferiora
634 759 803 821 tribunalia
815 776 878 818 non
889 757 1029 819 debeant
1038 777 1059 818 a
1071 778 1160 839 supe-

228 855 347 916 riorum
368 852 521 914 sententia
541 853 700 929 recedere,
727 871 766 912 ne
787 851 933 913 videlicet
953 852 1119 913 sententiae
1142 872 1160 914 a

227 945 435 1008 tribunalibus
459 945 657 1007 inferioribus
688 946 759 1006 latae
784 963 803 1004 a
827 943 1041 1022 superioribus
1071 964 1158 1006 revo-

228 1043 348 1115 centur,
365 1039 437 1098 inde
453 1039 599 1100 dicuntur
613 1038 792 1119 hujusmodi
808 1037 981 1120 decisiones
1000 1056 1058 1098 seu
1073 1057 1157 1100 reso-

156 1172 161 1180 ·
225 1133 358 1194 lutiones
370 1131 422 1212 jus
433 1132 742 1194 consuetudinarium
751 1131 866 1208 facere,
881 1131 966 1210 quod
979 1149 999 1192 a
1010 1151 1156 1210 pragma-

225 1227 294 1290 ticis
305 1226 398 1309 sipi-cs
408 1227 643 1288 ccrioeromanae
654 1226 703 1286 vel
710 1225 816 1306 precis
825 1225 889 1305 (ori
900 1225 979 1286 solet
989 1226 1151 1306 appellari.

548 1377 558 1430 ς
569 1379 606 1419 ΙΙΙ.
617 1387 648 1420 us
660 1387 829 1419 consenueris.

263 1507 286 1566 l.
304 1503 576 1576 Quemadmodum
597 1501 758 1580 rescripta,
788 1519 857 1580 quae
885 1501 924 1561 de
946 1519 978 1560 se
998 1518 1063 1561 non
1083 1503 1153 1562 suut

222 1598 308 1659 eliud
324 1597 383 1658 nisi
398 1615 559 1676 responsa,
573 1596 624 1657 vel
639 1595 811 1656 decisiones
825 1593 1030 1656 tribunalium
1045 1613 1152 1672 supre-

222 1710 347 1752 morum
364 1690 656 1766 ecclesiasticorum,
680 1707 750 1769 quae
775 1689 814 1749 de
834 1707 866 1748 se
890 1706 953 1748 non
975 1687 1063 1746 aliud
1081 1691 1152 1748 sunt

222 1784 280 1844 nisi
291 1783 443 1864 judicata,
461 1781 526 1842 vim
547 1785 653 1843 tamen
669 1782 747 1861 legis
762 1785 893 1861 possunt
912 1781 1088 1860 acquirere,
1110 1781 1152 1842 ita

221 1882 253 1939 et
264 1875 467 1950 concordata,
486 1893 555 1955 quae
578 1875 617 1936 de
632 1895 665 1935 se
680 1875 757 1935 nihil
772 1874 858 1936 aliud
877 1877 950 1935 sunt
969 1873 1027 1933 nisi
1045 1877 1147 1952 pacta,

216 1971 323 2050 legum
335 1973 441 2031 tamen
462 1969 603 2030 obtinent
616 1969 807 2030 firmitatem.
830 1971 913 2047 Ergo
926 1969 1097 2046 postquem
1112 1967 1148 2028 de
1244 1967 1245 1986 ¹

143 2109 146 2113 -
216 2063 374 2144 rescriptis
387 2065 418 2124 et
431 2057 642 2124 decisionibus
655 2061 869 2138 tractavimus,
883 2063 1007 2140 oportet
1019 2063 1056 2122 ut
1066 2063 1098 2122 et
1110 2060 1146 2122 de

219 2157 414 2221 concordatis
429 2175 605 2217 sermonem
619 2156 780 2216 faciamus,

257 2252 384 2312 Duobus
393 2249 599 2329 paragraphis
606 2249 824 2310 tractationem
832 2247 924 2310 istam
936 2247 1146 2322 absolvemus

217 2345 396 2423 inquorum
415 2342 515 2419 primo
538 2343 667 2404 brevem
686 2343 725 2402 de
748 2341 944 2402 concordatis
965 2340 1146 2402 historicam

216 2435 359 2496 notitiam
372 2439 528 2508 texemus3
546 2435 578 2494 in
593 2435 730 2498 secundo
741 2439 847 2496 autem
862 2438 1008 2496 naturam
1021 2453 1079 2495 seu
1093 2452 1146 2496 va-

213 2530 313 2590 lorem
326 2528 508 2590 eorumdem
521 2530 762 2608 perpendemus.

461 2684 476 2722 l.
491 2683 580 2745 notitia
589 2683 698 2723 historice
711 2683 900 2724 concertatorum,

254 2807 290 2866 ll.
304 2808 364 2867 Pro
374 2806 504 2868 diversis
516 2807 720 2868 relatIonibus
731 2825 800 2886 quae
812 2807 851 2867 de
864 2806 946 2868 facto
957 2804 1143 2864 intercesse-

212 2901 286 2960 runt
317 2897 399 2960 inter
426 2901 668 2963 ecclesiasticam
693 2905 724 2962 ct
757 2900 879 2962 civilem
907 2896 1140 2972 auctoritatem,

211 2991 293 3052 inter
316 2992 509 3070 spiritualem
531 3013 642 3072 nempe
665 2998 696 3056 et
716 2993 921 3072 temporalem
944 2991 1139 3065 societatem,

210 3088 274 3145 tres
288 3089 419 3162 possunt
432 3085 579 3165 distingui
595 3089 757 3166 generales
772 3086 909 3148 historiae
920 3083 1140 3152 ecclesiastice

210 3177 341 3257 periodi.
357 3176 476 3238 Harum
489 3179 601 3257 prima,
617 3198 689 3260 qua
702 3180 741 3242 ab
756 3179 896 3242 Ecclesia
910 3177 1038 3240 condita
1049 3195 1140 3238 exor-

210 3271 294 3334 ditur
317 3274 348 3333 et
373 3289 472 3351 usque
500 3273 541 3333 ed
569 3273 807 3336 Constantinum
833 3275 994 3352 Magnum,
1026 3271 1138 3350 quarto

208 3385 322 3444 nempe
340 3366 466 3443 saeculo,
490 3367 699 3447 prosequitur,
726 3367 816 3429 nobis
838 3367 964 3427 exhibet
983 3364 1139 3443 epocham

208 3458 442 3520 inimicitiarum
463 3459 545 3520 inter
565 3460 737 3521 Ecclesiam
761 3464 792 3522 et
813 3461 995 3523 societatem
1013 3457 1139 3518 civilem

209 3570 278 3632 quae
293 3553 378 3615 nullo
391 3555 483 3630 pacto
499 3553 643 3632 componi
658 3557 812 3636 poterant.
