2540 4132
324 345 430 394 norrea
451 345 709 394 remunerans
728 347 882 396 ommam.
1014 337 1072 403 loa

137 489 257 570 digerit
266 489 487 568 respondendo
501 490 649 552 omnihus
668 493 702 554 et
720 491 853 570 siugulis
867 493 1017 572 quasilla,
1033 511 1071 558 en

135 583 301 664 proposita
317 582 420 661 speeie
434 583 509 644 fanti
525 583 770 662 emergentibus.

180 677 243 738 Sed
255 675 377 736 eumad
388 679 663 753 oausamlllllllll,
672 676 845 756 quastione
859 679 963 756 tortia,
979 698 1072 742 vene·

134 771 193 847 rit,
219 769 333 830 iterum
352 769 496 830 ordinem
519 769 696 848 abrumpit,
713 774 745 832 et
767 769 877 832 inserit
901 772 1070 852 quemdam

133 865 308 926 tractatum
333 861 372 921 de
393 862 587 940 poenitentia,
604 881 700 942 quem
718 863 854 926 absolvit
870 869 992 944 septem
1010 865 1070 926 dis·

133 954 357 1028 tinctionihus3
379 955 742 1034 quaerimoniarum
764 957 866 1036 pergit
888 975 947 1036 per
960 975 1071 1020 musas

133 1065 238 1129 usque
249 1048 290 1108 ad
307 1049 402 1108 linem
418 1048 565 1108 seeundae
578 1049 687 1127 partis.
719 1055 721 1062 ’

175 1142 224 1202 llx
243 1143 331 1202 tanta
354 1139 495 1202 methodi
510 1141 690 1202 diversitate
714 1142 866 1220 suspirari
890 1151 997 1222 pomer
1013 1145 1070 1206 has

134 1237 201 1296 tres
220 1237 326 1312 partes
342 1233 445 1312 operis
459 1233 597 1296 Gratiani
616 1253 680 1296 non
706 1234 801 1296 fuisse
821 1236 913 1316 juxta
929 1243 1068 1300 mentem

134 1326 617 1406 auotoristanquamtrespartes
630 1328 721 1389 unius
734 1327 938 1410 ejusdemque
951 1331 1066 1410 operis,

132 1421 190 1481 sed
202 1420 306 1498 potius
315 1419 447 1482 totidem
454 1419 549 1480 libros
557 1419 729 1499 distinctos,
743 1423 796 1502 qui
808 1423 1067 1486 deindoinunum

132 1515 284 1575 volumen
297 1512 429 1574 fuissent
442 1513 611 1593 conjuncti.

173 1609 225 1668 lll.
251 1609 347 1668 Porro
363 1605 424 1668 hoo
443 1621 532 1685 opus,
545 1607 620 1668 huet
644 1606 830 1668 inconcinna
844 1611 877 1670 et
897 1609 1065 1689 ineleganli

131 1699 284 1762 methodo
299 1698 466 1778 digestum,
479 1703 585 1760 tamen
600 1717 801 1780 summopere
821 1701 926 1764 arrisit
940 1701 1066 1782 ingenio

131 1793 236 1855 aetatis
254 1811 316 1871 qua
335 1791 454 1854 editum
476 1797 538 1866 est3
558 1812 632 1854 nam
650 1797 862 1874 praeterquam
880 1795 967 1874 quod
978 1795 1066 1856 vide-

129 1887 227 1947 hatur
253 1885 285 1943 in
307 1903 340 1944 se
355 1903 418 1945 uno
439 1885 546 1946 omnia
567 1886 734 1948 exhaurire
759 1891 964 1950 monumenta
984 1887 1066 1967 juria

131 1977 345 2054 aeclesiastici,
372 1995 442 2058 quae
470 1979 502 2040 in
526 1979 647 2042 eatenis
670 1980 906 2042 eolleotionibus
931 1979 1065 2058 reperia-

128 2073 258 2147 bantur,
271 2089 328 2149 per
350 2071 545 2151 ingeniosam
561 2072 647 2132 illam
662 2072 912 2134 conciliationem
924 2071 1065 2135 omnium

127 2168 406 2226 monumentorum
424 2165 504 2244 juris
520 2163 721 2228 ecelesiastici
748 2163 951 2243 quantumvis
965 2161 1066 2226 diaso-

128 2257 284 2334 nantium‚
297 2257 509 2319 satisfaciebat
523 2257 679 2318 desiderio
693 2257 794 2318 aetatis
807 2255 901 2332 illins,
912 2275 983 2336 qum
994 2260 1066 2336 post

129 2350 319 2410 saeculorum
329 2350 582 2412 antecedentium
595 2349 911 2431 ignorantiamveluti
928 2367 945 2412 e
968 2349 1064 2429 longo

129 2460 242 2504 somno
257 2444 486 2522 expergefacta,
502 2444 665 2523 quaerebat
685 2444 798 2504 ducem
812 2443 862 2504 vel
876 2443 1064 2522 magistrum

129 2536 184 2614 qui
199 2535 286 2596 viam
310 2535 448 2598 seientia
471 2537 609 2614 aperiret
630 2537 689 2596 hae
709 2537 741 2596 in
765 2555 810 2613 re,
828 2535 944 2616 quique
958 2541 1064 2614 posset

129 2629 367 2690 diffieultatihus
376 2629 435 2690 illis
445 2630 600 2691 contraire
613 2645 691 2708 quas
703 2629 852 2690 inchoata
862 2628 1063 2690 scientiarum

126 2721 316 2783 restauratio
330 2722 362 2782 in
377 2722 428 2783 die
442 2722 620 2803 objiciebat.

167 2816 252 2894 Ergo
280 2815 370 2886 sieuti
391 2817 502 2876 Petrus
529 2815 736 2890 Lamberdus‚
755 2815 808 2895 qui
837 2814 949 2876 eadem
971 2818 1064 2878 aetate

127 2926 202 2968 snos
210 2910 276 2968 tam
285 2907 460 2970 celebratos
468 2908 693 2970 sententiarum
701 2908 798 2970 libros
807 2907 1063 2988 edidittauquam

125 2999 279 3079 magister
306 3001 527 3079 theologorum
548 3000 675 3062 habitus
688 3005 745 3078 est,
763 3004 796 3064 et
816 3001 849 3062 in
872 3000 927 3062 tali
942 3001 1063 3064 honore

128 3095 276 3170 reoeptus
290 3097 348 3171 eat,
361 3097 396 3154 ut
418 3094 629 3172 gloriarentur
640 3093 779 3172 theologi
797 3093 879 3154 illius
897 3094 1014 3170 snauh,
1032 3097 1064 3154 et

128 3185 195 3264 ipse
213 3187 245 3246 S.
262 3186 399 3248 Thomas
428 3187 648 3266 theologorum
670 3187 825 3265 princeps,
845 3187 927 3248 illius
948 3186 1064 3263 soripta

128 3279 341 3356 interpretari,
359 3279 449 3342 itaet
466 3281 633 3342 Gratianus
647 3279 815 3340 maximam
832 3279 890 3340 sihi
909 3280 942 3340 in
958 3297 993 3340 ra
1011 3293 1061 3337 aa·

128 3371 435 3434 uonioaoonoihavit
446 3373 676 3434 auctoritatem.

170 3464 285 3526 Statim
306 3483 344 3526 ae
359 3465 427 3545 ejus
449 3466 610 3528 deoratum
636 3466 799 3546 apparuit,
828 3466 990 3543 reoeptum
1015 3465 1063 3524 est

128 3559 283 3636 anquam
305 3561 408 3621 textus
429 3559 483 3639 qui
497 3559 663 3622 donaretur
686 3558 719 3618 in
737 3556 941 3619 universitate
958 3556 1068 3630 Bona,
