2502 4130
222 279 282 342 ott
434 287 664 340 rosnrcnonos
684 291 766 342 soors
789 291 947 340 cocorum.

222 438 269 500 uti
282 437 419 500 debeant
438 437 561 516 clerici,
578 441 613 499 ut
636 436 863 518 persecutionis
884 436 1011 496 rabiem
1027 435 1168 498 declina·

222 535 305 610 rent,
321 531 446 592 deserta
457 530 527 591 loca
537 530 671 610 petiere'3
687 530 794 610 ibique
807 531 847 590 ab
860 528 944 591 omni
958 529 1079 590 mundi
1094 548 1168 591 cure

222 624 390 704 segregati,
416 623 506 686 unice
527 623 640 684 divinae
661 623 915 701 contemplationi
940 622 1065 683 addicti
1082 627 1164 685 sunt.

224 718 314 792 Quod
326 717 452 780 vivendi
462 736 573 796 genus,
589 717 663 778 licet
675 715 903 795 persecutionis
919 716 1166 778 occasionesus-

222 816 358 892 ceptum,
371 814 478 872 tamen
492 811 571 870 adeo
591 809 666 888 ipsis
681 809 913 890 perjucundum
931 809 1041 869 visum
1058 813 1119 887 est,
1134 815 1167 870 ut

224 905 351 966 cessatis
378 904 474 964 etiam
496 903 768 983 persecutionibus
795 905 826 962 et
853 901 979 963 reddita
1015 903 1165 964 Ecclesiae

224 1017 324 1078 pace,
340 997 520 1058 maluerunt
546 995 578 1055 in
601 996 715 1057 eremis
742 1001 773 1056 et
787 995 919 1056 desertis
939 995 1050 1056 vivere
1072 1015 1166 1076 quam

224 1092 265 1152 od
286 1091 428 1152 civitates
442 1089 526 1150 unde
541 1089 753 1166 decesserant,
774 1088 888 1148 redire.
902 1087 1098 1168 Hujusmodi
1111 1090 1166 1150 ho-

224 1184 324 1245 miues
338 1187 489 1263 tanquam
503 1181 652 1258 solitarii,
677 1201 732 1242 seu
755 1182 794 1242 de
809 1181 881 1242 vitae
895 1181 1041 1242 instituto
1057 1184 1166 1244 solitu-

225 1277 290 1338 dini
311 1276 439 1353 addicti,
455 1275 591 1336 monachi
608 1275 682 1336 dicti
699 1278 772 1336 sunt
789 1273 820 1354 (α
835 1295 932 1350 noros,
949 1275 1049 1354 solus)
1065 1298 1072 1336 :
1086 1277 1167 1338 inter

224 1388 302 1449 quos
333 1369 425 1448 primi
449 1372 716 1430 connumerantur
742 1369 859 1430 Paulus
883 1369 1007 1447 primus
1034 1371 1166 1430 eremita

225 1466 257 1524 et
272 1463 424 1524 Antonius
435 1461 553 1535 abbas3
571 1461 690 1541 primus
700 1465 853 1542 tanquam
862 1461 957 1542 hujus
969 1463 1046 1524 vitoe
1053 1467 1163 1524 auctor

226 1559 257 1618 et
268 1559 370 1634 pater,
385 1559 420 1617 ut
431 1555 506 1616 dicit
520 1555 746 1634 Hieronymus
769 1555 849 1616 alter
863 1573 939 1616 vero
955 1557 1116 1636 tanquam
1130 1556 1164 1615 il-

225 1650 384 1710 lustrator.
393 1651 471 1708 Nam
482 1647 598 1709 Paulus
609 1648 737 1728 quidem
750 1649 831 1710 hanc
844 1649 943 1710 vitam
957 1653 1090 1710 secutus
1105 1654 1160 1726 est,

225 1741 281 1802 sed
296 1740 465 1818 discipulos
479 1759 541 1802 non
556 1741 706 1816 instituit3
723 1742 877 1804 Antonius
897 1760 974 1803 vero
990 1742 1163 1822 discipulos
1233 1705 1234 1796 l

129 1869 136 1880 .
225 1833 336 1894 habuit
349 1837 381 1894 et
391 1833 473 1895 hanc
487 1834 685 1913 disciplinam
697 1835 894 1915 propagavit.

267 1927 359 1988 Nulla
382 1929 488 1988 autem
502 1925 584 1988 inter
598 1927 774 2006 primitivos
794 1927 968 1988 monachos
991 1929 1054 1990 fuit
1077 1929 1162 1990 insti-

226 2023 295 2082 tute
305 2019 448 2096 societas,
459 2020 544 2080 nulla
558 2020 631 2081 vitae
642 2021 849 2082 communitas
862 2041 869 2095 ;
886 2020 1024 2083 sednon
1039 2026 1163 2084 tantum
1233 2019 1234 2098 l

227 2113 382 2176 ocaeteris
394 2112 583 2189 hominibus
596 2113 652 2174 sed
667 2117 698 2174 et
710 2113 847 2174 invicem
863 2114 1002 2192 separati
1024 2115 1058 2174 in
1072 2115 1163 2176 here-

181 2218 183 2223 “
226 2207 381 2284 mislociS,
391 2205 463 2266 hnic
471 2205 596 2268 vivendi
605 2206 970 2270 institutocdduotisunt.
978 2209 1164 2270 Incolebant
1233 2215 1234 2246 ³

226 2299 286 2378 ipsi
300 2299 583 2361 nonnulladeserta
595 2299 720 2380 Egypti,
729 2300 835 2382 ibique
848 2301 963 2380 singuli
973 2303 1016 2363 eb
1027 2302 1162 2363 invicem
1233 2353 1234 2360 ἶ

226 2391 395 2470 segregati,
413 2392 473 2462 hoo
487 2391 559 2454 vitae
574 2411 675 2472 genus
687 2394 905 2472 traducebant.
918 2395 983 2457 Sed
994 2395 1163 2456 Peccmius

226 2483 347 2564 primus
360 2483 418 2546 fuit
434 2485 486 2564 qui
509 2485 542 2546 in
556 2486 671 2566 Egypti
693 2487 855 2548 Thebaide
883 2489 1046 2549 aedificare
1068 2488 1164 2568 coepit

226 2577 438 2656 monasteria,
455 2597 511 2640 seu
526 2579 681 2656 coenobia,
699 2579 859 2660 inquibus
874 2582 1025 2642 monachi
1043 2581 1166 2643 collecti

227 2669 426 2733 communem
440 2672 522 2733 inter
545 2691 578 2734 se
593 2673 691 2734 vitam
715 2674 877 2736 ducerent.
900 2671 993 2736 Unde
1012 2674 1162 2737 monaehi

226 2765 362 2826 distincti
378 2765 494 2825 suntin
510 2766 656 2828 eremitas
671 2785 727 2828 seu
741 2767 932 2828 anochoretae
945 2768 1165 2842 stomachans,

226 2855 269 2915 illi
281 2857 422 2937 locorum
437 2859 773 2936 solitudines,istivero
789 2861 936 2922 coenobia
945 2861 1159 2922 incoluerunt.

266 2950 647 3014 Goenobiticaautemvita
658 2972 715 3032 per
729 2953 874 3015 eremitas
884 2959 1073 3034 propagata,
1090 2974 1163 3034 per-

225 3043 308 3106 fecta
323 3047 406 3104 esta
430 3045 564 3123 Basilio,
591 3047 644 3126 qui
671 3047 813 3126 regulam
835 3047 999 3108 monachis
1022 3048 1161 3126 scripsit,

226 3155 320 3218 quam
336 3137 449 3198 deinde
470 3138 576 3198 omnia
599 3140 812 3202 fere.0rientis
838 3140 1032 3202 monasteria
1051 3144 1163 3202 secuta

225 3235 307 3294 sunt.
330 3232 392 3294 Sed
407 3231 641 3294 monachismus
664 3237 731 3295 erat
756 3233 1003 3296 occidentalibus
1017 3233 1160 3314 ignotus,

223 3325 355 3386 fortasse
371 3325 545 3404 despectus.
570 3326 693 3388 Primus
712 3327 771 3388 fuit
782 3327 983 3404 Athanasius,
1000 3328 1047 3390 uti
1063 3329 1163 3390 refert

224 3417 444 3496 Hieronymus
461 3417 514 3498 qui
528 3421 660 3480 Romam
673 3419 1025 3498 confugiens,Romanis
1042 3440 1163 3502 propo-

225 3524 300 3570 nere
314 3510 409 3590 coepit
423 3511 549 3574 Antonii
564 3511 750 3594 institutum,
762 3513 893 3598 illosque
906 3514 1022 3580 docere
1036 3516 1076 3580 de
1093 3534 1162 3582 mo-
