2518 4144
309 371 417 427 marca
438 372 591 426 sonemus
611 374 694 424 sarrs
717 373 870 424 carorum.
1016 357 1055 422 tr

158 525 263 590 Causa
276 523 360 585 enim
384 527 453 584 erat
465 523 544 584 fides
566 541 604 584 ex
624 525 802 601 crepante,
820 523 999 601 superstitio
1017 541 1054 585 ex

27 641 28 644 ¹
117 621 223 683 altera
242 639 248 679 :
270 617 338 698 jam
366 635 441 678 vero
466 636 539 678 cum
565 617 652 676 nulla
672 616 747 694 tingi
771 615 870 695 possit
892 615 1055 680 harmonia

115 717 202 776 inter
216 712 383 774 veritatem
398 715 429 771 61
451 729 602 787 errorem,
619 709 701 770 inter
726 709 828 770 lucem
844 713 876 770 et
897 710 1052 788 tenebras,

114 809 201 868 inter
212 805 371 867 Christum
386 807 417 864 61
431 803 539 880 Β61161,
562 803 681 864 nullum
698 805 836 882 pactum,
853 803 939 862 nulla
953 807 1055 864 trans-

115 901 201 962 actio
218 899 286 958 dari
299 899 423 976 poterat
434 897 515 957 inter
534 896 700 975 imperium
716 901 747 958 et
763 896 946 958 Ecclesiam.
965 897 1054 958 L'nde

114 994 189 1056 talis
205 995 274 1052 erat
288 990 380 1069 hujus
395 989 559 1050 discordiae
583 993 706 1067 natura,
725 993 759 1051 ut
783 990 967 1052 concordari
989 1008 1054 1050 om·

115 1088 192 1147 nino
219 1103 282 1145 non
296 1085 410 1162 posset,
434 1083 489 1142 sed
512 1099 548 1144 eo
574 1101 672 1162 usque
697 1101 898 1162 perseverare
922 1083 1053 1144 baberet

115 1176 300 1260 hujusmodi
323 1175 485 1236 dissidium
500 1194 562 1254 quo
578 1176 626 1236 vel
642 1176 767 1237 etlmica
789 1178 879 1238 fieret
899 1177 1050 1254 Ecclesia,

114 1273 166 1334 vel
180 1270 360 1333 christianae
371 1269 529 1348 religionis
540 1268 733 1348 proselytum
748 1271 837 1332 beret
846 1270 1024 1350 imperium.

156 1365 215 1427 Illa
233 1360 412 1441 superstitio
428 1361 579 1422 adversus
595 1361 767 1422 Ecclesiam
789 1362 892 1424 ciebat
906 1369 1051 1426 cruentas

114 1455 362 1538 persecutiones,
389 1454 501 1534 quibus
520 1454 588 1532 ipsa
612 1455 752 1516 funditus
767 1457 1006 1536 eversainisset,
1025 1457 1049 1517 si

114 1549 241 1614 Deusid
249 1547 450 1628 permisisset,
463 1551 572 1608 contra
583 1549 746 1627 quasnibil
761 1567 920 1628 opponere
928 1555 1051 1630 poterat

115 1645 175 1706 nisi
199 1661 309 1723 preces
334 1645 364 1702 et
388 1639 602 1702 testimoniam
618 1641 790 1720 sanguinis.
808 1645 890 1702 Deus
905 1645 988 1704 enim
1004 1645 1051 1706 ia-

115 1739 231 1813 ciebat,
245 1740 322 1797 16616
335 1734 538 1810 Tertulliano,
555 1739 590 1795 ut
611 1735 738 1814 sanguis
753 1739 927 1815 martyrum
942 1756 1048 1799 semen

115 1835 201 1893 esset
215 1828 466 1891 christianorum.

46 1992 50 2000 ,
157 1927 237 1986 Cum
249 1926 354 1984 autem
369 1921 426 2000 ipsi
448 1921 653 2000 imperatores
672 1923 786 1983 collum
803 1923 926 1986 Christo
941 1925 1049 1986 subdi·

115 2015 244 2094 derunt,
261 2015 430 2076 christiana
444 2013 554 2093 religio
567 2014 598 2073 in
609 2033 723 2076 novam
737 2015 902 2094 periodum
915 2017 1049 2096 impulsa

114 2116 179 2188 est,
211 2126 281 2189 quae
309 2126 422 2186 nempe
448 2125 467 2168 a
491 2107 693 2168 Constantino
717 2109 831 2187 Magno
858 2110 1047 2188 imperatore

114 2203 242 2266 initium
262 2201 394 2280 sumpsit
414 2203 558 2281 eiusque
573 2200 613 2261 ad
629 2199 797 2260 Henricum
816 2203 857 2264 IV
874 2202 1047 2263 Germaniae

114 2314 227 2377 regem
240 2296 326 2375 (saec.
344 2293 414 2374 XII)
430 2293 618 2373 perdurasse
635 2293 769 2356 videtur.

156 2389 208 2451 ΙΙΙ.
233 2391 307 2448 Haec
321 2387 460 2448 secunda
469 2387 616 2465 periodus
629 2391 752 2466 tempus
763 2387 821 2449 luit
831 2389 917 2468 pacis
929 2390 1046 2470 perfec-

113 2482 244 2545 tissimae
253 2485 285 2542 et
294 2481 467 2541 amicarum
479 2481 667 2542 relationum
678 2482 800 2543 Statum
810 2482 891 2545 inter
903 2489 934 2544 et
944 2486 1047 2546 Eccle-

114 2576 206 2654 siam,
225 2573 303 2636 adeo
325 2579 360 2635 ut
374 2573 398 2635 si
423 2574 455 2634 in
471 2575 667 2636 antecedenti
683 2575 812 2653 periodo
829 2595 891 2637 non
902 2583 1047 2655 poterant

114 2667 252 2748 contingi
277 2672 370 2746 pacta
395 2668 444 2728 vel
470 2667 671 2745 concordata,
702 2667 776 2747 quia
798 2669 931 2730 materia
964 2671 1046 2732 circa

114 2761 294 2846 quamtitas
308 2761 526 2838 movebantur,
550 2779 663 2839 nempe
677 2762 766 2839 fides,
789 2763 890 2823 nullas
909 2767 1045 2826 transac-

112 2855 216 2918 tiones
231 2852 295 2934 pati
310 2857 448 2933 poterat;
475 2854 507 2914 in
532 2853 602 2930 ista,
628 2853 667 2913 de
683 2873 745 2934 qua
766 2873 848 2916 nunc
873 2856 1041 2938 loquimur,

112 2949 256 3029 periodo,
281 2947 367 3008 nulla
380 2946 482 3008 inerat
500 2947 668 3008 necessitas
684 2951 956 3029 concordatomm,
971 2971 1042 3013 cum

110 3063 174 3122 pax
188 3043 329 3122 perfecta
343 3041 424 3101 inter
437 3059 570 3120 regnum
583 3043 613 3102 et
623 3043 833 3104 sacerdotium
848 3046 1010 3123 regnabat.

151 3139 243 3214 Nam,
259 3135 284 3196 si
299 3134 545 3213 praescindamus
560 3154 579 3194 a
600 3135 809 3213 peculiaribus
822 3139 1042 3200 controversiis

110 3231 192 3292 natis
219 3229 302 3291 inter
329 3228 453 3289 civilem
479 3232 510 3288 et
538 3227 781 3290 ecclesiasticam
810 3233 1039 3308 auctoritatem,

110 3341 207 3384 causa
229 3323 428 3402 potissimum
449 3321 680 3399 haereticorum,
702 3343 813 3403 nempe
840 3327 1038 3400 Arianorum,

108 3417 391 3495 Eutychianorum,
412 3413 699 3493 Monothelitorum,
714 3419 977 3479 iconoclastarum
990 3415 1040 3475 vel

107 3509 382 3571 schismaticorum
394 3507 603 3585 orientalium,
612 3513 765 3588 quatenus
773 3511 805 3570 hi
816 3510 969 3570 curabant
980 3505 1039 3569 sibi

106 3603 319 3696 patrocinium
346 3602 522 3690 principum
545 3601 722 3684 conciliare,
750 3603 832 3688 quod
854 3603 1040 3670 factumest
