<?xml version="1.0" encoding="UTF-8"?>
<!DOCTYPE html PUBLIC "-//W3C//DTD XHTML 1.0 Transitional//EN"
    "http://www.w3.org/TR/xhtml1/DTD/xhtml1-transitional.dtd">
<html xmlns="http://www.w3.org/1999/xhtml" xml:lang="en" lang="en">
 <head>
  <title>
</title>
<meta http-equiv="Content-Type" content="text/html;charset=utf-8" />
  <meta name='ocr-system' content='tesseract 3.04.00' />
  <meta name='ocr-capabilities' content='ocr_page ocr_carea ocr_par ocr_line ocrx_word'/>
</head>
<body>
  <div class='ocr_page' id='page_1' title='image "./institutionesju03marigoog_0183.png"; bbox 0 0 2540 4132; ppageno 0'>
   <div class='ocr_carea' id='block_1_1' title="bbox 379 317 1074 380">
    <p class='ocr_par' dir='ltr' id='par_1_1' title="bbox 379 317 1074 380">
     <span class='ocr_line' id='line_1_1' title="bbox 379 317 1074 380; baseline 0 -1"><span class='ocrx_word' id='word_1_1' title='bbox 379 331 419 379; x_wconf 83' lang='lat' dir='ltr'><strong>ns</strong></span> <span class='ocrx_word' id='word_1_2' title='bbox 437 329 568 380; x_wconf 71' lang='lat' dir='ltr'><strong>ansero</strong></span> <span class='ocrx_word' id='word_1_3' title='bbox 587 329 670 378; x_wconf 79' lang='lat' dir='ltr'><strong>suus</strong></span> <span class='ocrx_word' id='word_1_4' title='bbox 690 327 847 378; x_wconf 66' lang='lat' dir='ltr'><strong>muci.</strong></span> <span class='ocrx_word' id='word_1_5' title='bbox 1016 317 1074 380; x_wconf 64' lang='grc' dir='ltr'>Μ</span> 
     </span>
    </p>
   </div>
   <div class='ocr_carea' id='block_1_2' title="bbox 144 470 1080 2775">
    <p class='ocr_par' dir='ltr' id='par_1_2' title="bbox 144 470 1075 817">
     <span class='ocr_line' id='line_1_2' title="bbox 144 470 1074 553; baseline -0.006 -13"><span class='ocrx_word' id='word_1_6' title='bbox 144 473 446 553; x_wconf 74' lang='lat' dir='ltr'><strong>ecmmmaoimtiqui</strong></span> <span class='ocrx_word' id='word_1_7' title='bbox 454 470 1074 553; x_wconf 78' lang='lat' dir='ltr'><strong>sacramentorumparticipaticnemper·</strong></span> 
     </span>
     <span class='ocr_line' id='line_1_3' title="bbox 144 565 1075 645; baseline -0.003 -14"><span class='ocrx_word' id='word_1_8' title='bbox 144 569 304 632; x_wconf 86' lang='lat' dir='ltr'><strong>diderunt.</strong></span> <span class='ocrx_word' id='word_1_9' title='bbox 330 566 369 627; x_wconf 86' lang='lat' dir='ltr'><strong>Ili</strong></span> <span class='ocrx_word' id='word_1_10' title='bbox 390 584 499 628; x_wconf 88' lang='lat' dir='ltr'><strong>omnes</strong></span> <span class='ocrx_word' id='word_1_11' title='bbox 527 565 687 628; x_wconf 86' lang='lat' dir='ltr'><strong>christiani</strong></span> <span class='ocrx_word' id='word_1_12' title='bbox 715 567 798 642; x_wconf 90' lang='lat' dir='ltr'><strong>suut,</strong></span> <span class='ocrx_word' id='word_1_13' title='bbox 826 565 881 626; x_wconf 90' lang='lat' dir='ltr'><strong>sed</strong></span> <span class='ocrx_word' id='word_1_14' title='bbox 908 582 1075 645; x_wconf 86' lang='lat' dir='ltr'><strong>personam</strong></span> 
     </span>
     <span class='ocr_line' id='line_1_4' title="bbox 144 656 1075 744; baseline -0.004 -20"><span class='ocrx_word' id='word_1_15' title='bbox 144 679 211 724; x_wconf 91' lang='lat' dir='ltr'><strong>non</strong></span> <span class='ocrx_word' id='word_1_16' title='bbox 222 660 340 722; x_wconf 82' lang='lat' dir='ltr'><strong>habent</strong></span> <span class='ocrx_word' id='word_1_17' title='bbox 351 658 383 719; x_wconf 93' lang='lat' dir='ltr'><strong>in</strong></span> <span class='ocrx_word' id='word_1_18' title='bbox 396 658 479 740; x_wconf 88' lang='lat' dir='ltr'><strong>jure,</strong></span> <span class='ocrx_word' id='word_1_19' title='bbox 493 659 581 744; x_wconf 81' lang='lat' dir='ltr'>quasi</span> <span class='ocrx_word' id='word_1_20' title='bbox 600 658 684 738; x_wconf 83' lang='lat' dir='ltr'><strong>passi</strong></span> <span class='ocrx_word' id='word_1_21' title='bbox 699 661 803 720; x_wconf 88' lang='lat' dir='ltr'><strong>essent</strong></span> <span class='ocrx_word' id='word_1_22' title='bbox 816 656 926 736; x_wconf 83' lang='lat' dir='ltr'><strong>cepitis</strong></span> <span class='ocrx_word' id='word_1_23' title='bbox 943 657 1075 720; x_wconf 90' lang='lat' dir='ltr'><strong>diminu-</strong></span> 
     </span>
     <span class='ocr_line' id='line_1_5' title="bbox 144 755 275 817; baseline -0.031 -1"><span class='ocrx_word' id='word_1_24' title='bbox 144 755 275 817; x_wconf 91' lang='lat' dir='ltr'><strong>tionem.</strong></span> 
     </span>
    </p>

    <p class='ocr_par' dir='ltr' id='par_1_3' title="bbox 146 841 1076 1202">
     <span class='ocr_line' id='line_1_6' title="bbox 187 841 1076 922; baseline -0.002 -16"><span class='ocrx_word' id='word_1_25' title='bbox 187 845 246 918; x_wconf 83' lang='lat' dir='ltr'><strong>Qui</strong></span> <span class='ocrx_word' id='word_1_26' title='bbox 259 861 335 905; x_wconf 84' lang='lat' dir='ltr'><strong>vero</strong></span> <span class='ocrx_word' id='word_1_27' title='bbox 348 842 409 904; x_wconf 84' lang='lat' dir='ltr'><strong>tria</strong></span> <span class='ocrx_word' id='word_1_28' title='bbox 418 842 486 904; x_wconf 76' lang='lat' dir='ltr'><strong>huc</strong></span> <span class='ocrx_word' id='word_1_29' title='bbox 495 841 619 906; x_wconf 85' lang='lat' dir='ltr'><strong>unionis</strong></span> <span class='ocrx_word' id='word_1_30' title='bbox 630 842 756 907; x_wconf 81' lang='lat' dir='ltr'><strong>vincula</strong></span> <span class='ocrx_word' id='word_1_31' title='bbox 767 845 964 922; x_wconf 85' lang='lat' dir='ltr'><strong>conservant,</strong></span> <span class='ocrx_word' id='word_1_32' title='bbox 980 842 1013 908; x_wconf 93' lang='lat' dir='ltr'><strong>in</strong></span> <span class='ocrx_word' id='word_1_33' title='bbox 1028 843 1076 904; x_wconf 88' lang='lat' dir='ltr'><strong>his</strong></span> 
     </span>
     <span class='ocr_line' id='line_1_7' title="bbox 146 934 1076 1015; baseline 0.002 -13"><span class='ocrx_word' id='word_1_34' title='bbox 146 939 249 1002; x_wconf 82' lang='lat' dir='ltr'><strong>tribus</strong></span> <span class='ocrx_word' id='word_1_35' title='bbox 270 934 429 998; x_wconf 83' lang='lat' dir='ltr'><strong>constituti</strong></span> <span class='ocrx_word' id='word_1_36' title='bbox 449 939 523 998; x_wconf 91' lang='lat' dir='ltr'><strong>sunt</strong></span> <span class='ocrx_word' id='word_1_37' title='bbox 541 935 717 1013; x_wconf 85' lang='lat' dir='ltr'><strong>elementis,</strong></span> <span class='ocrx_word' id='word_1_38' title='bbox 738 935 821 998; x_wconf 86' lang='lat' dir='ltr'><strong>ethi</strong></span> <span class='ocrx_word' id='word_1_39' title='bbox 841 953 951 998; x_wconf 89' lang='lat' dir='ltr'><strong>omnes</strong></span> <span class='ocrx_word' id='word_1_40' title='bbox 968 953 1076 1015; x_wconf 67' lang='lat' dir='ltr'><strong>pem</strong></span> 
     </span>
     <span class='ocr_line' id='line_1_8' title="bbox 147 1027 1076 1108; baseline 0 -14"><span class='ocrx_word' id='word_1_41' title='bbox 147 1049 223 1094; x_wconf 88' lang='lat' dir='ltr'><strong>uam</strong></span> <span class='ocrx_word' id='word_1_42' title='bbox 241 1030 359 1092; x_wconf 82' lang='lat' dir='ltr'><strong>habent</strong></span> <span class='ocrx_word' id='word_1_43' title='bbox 378 1027 498 1108; x_wconf 76' lang='lat' dir='ltr'><strong>injure</strong></span> <span class='ocrx_word' id='word_1_44' title='bbox 516 1027 678 1105; x_wconf 86' lang='lat' dir='ltr'><strong>canonico,</strong></span> <span class='ocrx_word' id='word_1_45' title='bbox 695 1031 727 1092; x_wconf 90' lang='lat' dir='ltr'><strong>et</strong></span> <span class='ocrx_word' id='word_1_46' title='bbox 746 1029 898 1108; x_wconf 79' lang='lat' dir='ltr'><strong>tauquam</strong></span> <span class='ocrx_word' id='word_1_47' title='bbox 916 1029 1001 1094; x_wconf 80' lang='lat' dir='ltr'><strong>cives</strong></span> <span class='ocrx_word' id='word_1_48' title='bbox 1019 1028 1076 1094; x_wconf 84' lang='lat' dir='ltr'><strong>bc·</strong></span> 
     </span>
     <span class='ocr_line' id='line_1_9' title="bbox 147 1119 1020 1202; baseline -0.006 -14"><span class='ocrx_word' id='word_1_49' title='bbox 147 1126 263 1188; x_wconf 83' lang='lat' dir='ltr'><strong>bantur</strong></span> <span class='ocrx_word' id='word_1_50' title='bbox 276 1120 370 1202; x_wconf 89' lang='lat' dir='ltr'><strong>hujus</strong></span> <span class='ocrx_word' id='word_1_51' title='bbox 384 1123 499 1184; x_wconf 78' lang='lat' dir='ltr'><strong>senctae</strong></span> <span class='ocrx_word' id='word_1_52' title='bbox 514 1119 729 1201; x_wconf 72' lang='lat' dir='ltr'><strong>civitatisque</strong></span> <span class='ocrx_word' id='word_1_53' title='bbox 743 1121 883 1187; x_wconf 74' lang='lat' dir='ltr'><strong>Ecclesia</strong></span> <span class='ocrx_word' id='word_1_54' title='bbox 894 1121 950 1186; x_wconf 86' lang='lat' dir='ltr'><strong>Dsi</strong></span> <span class='ocrx_word' id='word_1_55' title='bbox 960 1124 1020 1186; x_wconf 85' lang='lat' dir='ltr'><strong>est.</strong></span> 
     </span>
    </p>

    <p class='ocr_par' dir='ltr' id='par_1_4' title="bbox 147 1213 1080 2220">
     <span class='ocr_line' id='line_1_10' title="bbox 188 1213 1076 1294; baseline 0 -16"><span class='ocrx_word' id='word_1_56' title='bbox 188 1218 241 1279; x_wconf 83' lang='lat' dir='ltr'><strong>lv.</strong></span> <span class='ocrx_word' id='word_1_57' title='bbox 266 1214 329 1277; x_wconf 89' lang='lat' dir='ltr'><strong>Sed</strong></span> <span class='ocrx_word' id='word_1_58' title='bbox 344 1231 407 1276; x_wconf 91' lang='lat' dir='ltr'><strong>nou</strong></span> <span class='ocrx_word' id='word_1_59' title='bbox 422 1213 675 1294; x_wconf 82' lang='lat' dir='ltr'><strong>omuesoequsles</strong></span> <span class='ocrx_word' id='word_1_60' title='bbox 689 1214 771 1278; x_wconf 88' lang='lat' dir='ltr'><strong>inter</strong></span> <span class='ocrx_word' id='word_1_61' title='bbox 780 1233 813 1276; x_wconf 88' lang='lat' dir='ltr'><strong>se</strong></span> <span class='ocrx_word' id='word_1_62' title='bbox 827 1214 994 1282; x_wconf 77' lang='lat' dir='ltr'><strong>habentur.</strong></span> <span class='ocrx_word' id='word_1_63' title='bbox 1010 1213 1076 1279; x_wconf 80' lang='lat' dir='ltr'><strong>Sci·</strong></span> 
     </span>
     <span class='ocr_line' id='line_1_11' title="bbox 147 1305 1077 1376; baseline 0.003 -5"><span class='ocrx_word' id='word_1_64' title='bbox 147 1327 219 1376; x_wconf 91' lang='lat' dir='ltr'><strong>mus</strong></span> <span class='ocrx_word' id='word_1_65' title='bbox 240 1306 399 1370; x_wconf 75' lang='lat' dir='ltr'>Christum</span> <span class='ocrx_word' id='word_1_66' title='bbox 423 1325 462 1368; x_wconf 85' lang='lat' dir='ltr'><strong>cx</strong></span> <span class='ocrx_word' id='word_1_67' title='bbox 482 1305 627 1368; x_wconf 92' lang='lat' dir='ltr'><strong>omnibus</strong></span> <span class='ocrx_word' id='word_1_68' title='bbox 648 1306 793 1370; x_wconf 85' lang='lat' dir='ltr'><strong>fidelibus</strong></span> <span class='ocrx_word' id='word_1_69' title='bbox 816 1307 882 1370; x_wconf 89' lang='lat' dir='ltr'><strong>suis</strong></span> <span class='ocrx_word' id='word_1_70' title='bbox 907 1307 1077 1374; x_wconf 77' lang='lat' dir='ltr'><strong>duodecim</strong></span> 
     </span>
     <span class='ocr_line' id='line_1_12' title="bbox 148 1397 1079 1481; baseline 0.004 -19"><span class='ocrx_word' id='word_1_71' title='bbox 148 1401 292 1481; x_wconf 85' lang='lat' dir='ltr'><strong>elegisse,</strong></span> <span class='ocrx_word' id='word_1_72' title='bbox 309 1402 342 1462; x_wconf 87' lang='lat' dir='ltr'><strong>et</strong></span> <span class='ocrx_word' id='word_1_73' title='bbox 355 1397 595 1464; x_wconf 82' lang='lat' dir='ltr'><strong>ludclscsriote</strong></span> <span class='ocrx_word' id='word_1_74' title='bbox 604 1398 687 1462; x_wconf 88' lang='lat' dir='ltr'><strong>mals</strong></span> <span class='ocrx_word' id='word_1_75' title='bbox 702 1399 836 1480; x_wconf 77' lang='lat' dir='ltr'><strong>perdito,</strong></span> <span class='ocrx_word' id='word_1_76' title='bbox 847 1399 995 1466; x_wconf 84' lang='lat' dir='ltr'><strong>undecim</strong></span> <span class='ocrx_word' id='word_1_77' title='bbox 1007 1402 1079 1480; x_wconf 82' lang='lat' dir='ltr'><strong>post</strong></span> 
     </span>
     <span class='ocr_line' id='line_1_13' title="bbox 148 1491 1078 1572; baseline 0.002 -17"><span class='ocrx_word' id='word_1_78' title='bbox 148 1492 413 1556; x_wconf 71' lang='lat' dir='ltr'><strong>resurrectionem</strong></span> <span class='ocrx_word' id='word_1_79' title='bbox 440 1491 580 1553; x_wconf 86' lang='lat' dir='ltr'><strong>emisisse</strong></span> <span class='ocrx_word' id='word_1_80' title='bbox 612 1495 647 1554; x_wconf 89' lang='lat' dir='ltr'><strong>ut</strong></span> <span class='ocrx_word' id='word_1_81' title='bbox 674 1493 880 1572; x_wconf 77' lang='lat' dir='ltr'><strong>llvnugelium</strong></span> <span class='ocrx_word' id='word_1_82' title='bbox 913 1492 1078 1560; x_wconf 72' lang='lat' dir='ltr'><strong>munos·</strong></span> 
     </span>
     <span class='ocr_line' id='line_1_14' title="bbox 149 1583 1078 1665; baseline 0 -17"><span class='ocrx_word' id='word_1_83' title='bbox 149 1589 237 1662; x_wconf 89' lang='lat' dir='ltr'><strong>rent,</strong></span> <span class='ocrx_word' id='word_1_84' title='bbox 257 1587 455 1648; x_wconf 83' lang='lat' dir='ltr'><strong>sacramenta</strong></span> <span class='ocrx_word' id='word_1_85' title='bbox 479 1583 706 1660; x_wconf 75' lang='lat' dir='ltr'><strong>ministrarent,</strong></span> <span class='ocrx_word' id='word_1_86' title='bbox 726 1585 1000 1665; x_wconf 81' lang='lat' dir='ltr'><strong>gvrboruarautquc</strong></span> <span class='ocrx_word' id='word_1_87' title='bbox 1018 1587 1078 1648; x_wconf 71' lang='lat' dir='ltr'><strong>lic·</strong></span> 
     </span>
     <span class='ocr_line' id='line_1_15' title="bbox 148 1677 1075 1758; baseline 0 -17"><span class='ocrx_word' id='word_1_88' title='bbox 148 1677 288 1742; x_wconf 82' lang='lat' dir='ltr'><strong>clesinm.</strong></span> <span class='ocrx_word' id='word_1_89' title='bbox 322 1677 412 1739; x_wconf 88' lang='lat' dir='ltr'><strong>Unde</strong></span> <span class='ocrx_word' id='word_1_90' title='bbox 441 1677 606 1739; x_wconf 87' lang='lat' dir='ltr'><strong>constituto</strong></span> <span class='ocrx_word' id='word_1_91' title='bbox 633 1677 693 1738; x_wconf 92' lang='lat' dir='ltr'><strong>hoc</strong></span> <span class='ocrx_word' id='word_1_92' title='bbox 724 1677 838 1739; x_wconf 87' lang='lat' dir='ltr'><strong>visibili</strong></span> <span class='ocrx_word' id='word_1_93' title='bbox 874 1678 1075 1758; x_wconf 85' lang='lat' dir='ltr'><strong>magisterio,</strong></span> 
     </span>
     <span class='ocr_line' id='line_1_16' title="bbox 148 1769 1078 1850; baseline -0.002 -16"><span class='ocrx_word' id='word_1_94' title='bbox 148 1773 210 1834; x_wconf 89' lang='lat' dir='ltr'><strong>hcc</strong></span> <span class='ocrx_word' id='word_1_95' title='bbox 223 1769 336 1832; x_wconf 88' lang='lat' dir='ltr'><strong>visibili</strong></span> <span class='ocrx_word' id='word_1_96' title='bbox 355 1769 539 1846; x_wconf 88' lang='lat' dir='ltr'><strong>ministerio,</strong></span> <span class='ocrx_word' id='word_1_97' title='bbox 555 1769 615 1830; x_wconf 90' lang='lat' dir='ltr'><strong>hoc</strong></span> <span class='ocrx_word' id='word_1_98' title='bbox 635 1769 749 1832; x_wconf 88' lang='lat' dir='ltr'><strong>visibili</strong></span> <span class='ocrx_word' id='word_1_99' title='bbox 764 1769 896 1850; x_wconf 87' lang='lat' dir='ltr'><strong>imperio</strong></span> <span class='ocrx_word' id='word_1_100' title='bbox 917 1770 1078 1833; x_wconf 88' lang='lat' dir='ltr'><strong>ccclesias·</strong></span> 
     </span>
     <span class='ocr_line' id='line_1_17' title="bbox 148 1861 1079 1942; baseline -0.002 -16"><span class='ocrx_word' id='word_1_101' title='bbox 148 1865 227 1940; x_wconf 89' lang='lat' dir='ltr'><strong>tico,</strong></span> <span class='ocrx_word' id='word_1_102' title='bbox 251 1863 320 1942; x_wconf 87' lang='lat' dir='ltr'><strong>ipsc</strong></span> <span class='ocrx_word' id='word_1_103' title='bbox 340 1862 395 1923; x_wconf 85' lang='lat' dir='ltr'><strong>Dei</strong></span> <span class='ocrx_word' id='word_1_104' title='bbox 415 1861 610 1926; x_wconf 86' lang='lat' dir='ltr'><strong>ordinatione</strong></span> <span class='ocrx_word' id='word_1_105' title='bbox 629 1863 813 1928; x_wconf 86' lang='lat' dir='ltr'><strong>factumest</strong></span> <span class='ocrx_word' id='word_1_106' title='bbox 837 1866 873 1924; x_wconf 89' lang='lat' dir='ltr'><strong>ut</strong></span> <span class='ocrx_word' id='word_1_107' title='bbox 887 1862 920 1923; x_wconf 91' lang='lat' dir='ltr'><strong>iu</strong></span> <span class='ocrx_word' id='word_1_108' title='bbox 938 1861 1079 1924; x_wconf 80' lang='lat' dir='ltr'><strong>Ecclesia</strong></span> 
     </span>
     <span class='ocr_line' id='line_1_18' title="bbox 150 1953 1080 2034; baseline -0.001 -17"><span class='ocrx_word' id='word_1_109' title='bbox 150 1955 416 2034; x_wconf 82' lang='lat' dir='ltr'><strong>distinguerentur</strong></span> <span class='ocrx_word' id='word_1_110' title='bbox 438 1955 586 2016; x_wconf 87' lang='lat' dir='ltr'><strong>docentes</strong></span> <span class='ocrx_word' id='word_1_111' title='bbox 608 1955 648 2016; x_wconf 86' lang='lat' dir='ltr'><strong>cb</strong></span> <span class='ocrx_word' id='word_1_112' title='bbox 671 1953 888 2030; x_wconf 72' lang='lat' dir='ltr'><strong>audientibuS,</strong></span> <span class='ocrx_word' id='word_1_113' title='bbox 916 1954 1031 2017; x_wconf 91' lang='lat' dir='ltr'><strong>subditi</strong></span> <span class='ocrx_word' id='word_1_114' title='bbox 1059 1971 1080 2016; x_wconf 82' lang='lat' dir='ltr'><strong>e</strong></span> 
     </span>
     <span class='ocr_line' id='line_1_19' title="bbox 148 2045 1078 2128; baseline -0.004 -19"><span class='ocrx_word' id='word_1_115' title='bbox 148 2045 413 2128; x_wconf 71' lang='lat' dir='ltr'><strong>precipientibus,</strong></span> <span class='ocrx_word' id='word_1_116' title='bbox 432 2046 643 2125; x_wconf 75' lang='lat' dir='ltr'><strong>gubernantes</strong></span> <span class='ocrx_word' id='word_1_117' title='bbox 655 2065 675 2106; x_wconf 93' lang='lat' dir='ltr'><strong>a</strong></span> <span class='ocrx_word' id='word_1_118' title='bbox 688 2046 885 2125; x_wconf 82' lang='lat' dir='ltr'><strong>gubernatis,</strong></span> <span class='ocrx_word' id='word_1_119' title='bbox 901 2063 963 2108; x_wconf 89' lang='lat' dir='ltr'><strong>uuo</strong></span> <span class='ocrx_word' id='word_1_120' title='bbox 980 2046 1078 2108; x_wconf 89' lang='lat' dir='ltr'><strong>verbo</strong></span> 
     </span>
     <span class='ocr_line' id='line_1_20' title="bbox 147 2137 729 2220; baseline -0.007 -18"><span class='ocrx_word' id='word_1_121' title='bbox 147 2139 193 2202; x_wconf 91' lang='lat' dir='ltr'><strong>illi</strong></span> <span class='ocrx_word' id='word_1_122' title='bbox 208 2139 261 2220; x_wconf 84' lang='lat' dir='ltr'><strong>qui</strong></span> <span class='ocrx_word' id='word_1_123' title='bbox 271 2142 411 2218; x_wconf 73' lang='lat' dir='ltr'><strong>presunt</strong></span> <span class='ocrx_word' id='word_1_124' title='bbox 422 2140 462 2200; x_wconf 86' lang='lat' dir='ltr'><strong>ab</strong></span> <span class='ocrx_word' id='word_1_125' title='bbox 473 2138 510 2200; x_wconf 90' lang='lat' dir='ltr'><strong>iis</strong></span> <span class='ocrx_word' id='word_1_126' title='bbox 523 2137 577 2218; x_wconf 89' lang='lat' dir='ltr'><strong>qui</strong></span> <span class='ocrx_word' id='word_1_127' title='bbox 587 2139 729 2200; x_wconf 89' lang='lat' dir='ltr'><strong>subsunt.</strong></span> 
     </span>
    </p>

    <p class='ocr_par' dir='ltr' id='par_1_5' title="bbox 147 2230 1079 2775">
     <span class='ocr_line' id='line_1_21' title="bbox 189 2230 1076 2312; baseline 0.003 -17"><span class='ocrx_word' id='word_1_128' title='bbox 189 2231 328 2295; x_wconf 78' lang='lat' dir='ltr'><strong>Traditio</strong></span> <span class='ocrx_word' id='word_1_129' title='bbox 343 2231 553 2294; x_wconf 84' lang='lat' dir='ltr'><strong>ecclesiastica</strong></span> <span class='ocrx_word' id='word_1_130' title='bbox 567 2231 685 2310; x_wconf 88' lang='lat' dir='ltr'><strong>primos</strong></span> <span class='ocrx_word' id='word_1_131' title='bbox 702 2233 794 2293; x_wconf 90' lang='lat' dir='ltr'><strong>vocat</strong></span> <span class='ocrx_word' id='word_1_132' title='bbox 807 2230 937 2294; x_wconf 83' lang='lat' dir='ltr'><strong>clericos</strong></span> <span class='ocrx_word' id='word_1_133' title='bbox 948 2232 1076 2312; x_wconf 64' lang='lat' dir='ltr'><strong>(somn,</strong></span> 
     </span>
     <span class='ocr_line' id='line_1_22' title="bbox 148 2323 1079 2407; baseline 0.003 -22"><span class='ocrx_word' id='word_1_134' title='bbox 148 2342 252 2407; x_wconf 73' lang='lat' dir='ltr'><strong>grace</strong></span> <span class='ocrx_word' id='word_1_135' title='bbox 266 2341 344 2400; x_wconf 89' lang='lat' dir='ltr'><strong>sors,</strong></span> <span class='ocrx_word' id='word_1_136' title='bbox 361 2323 450 2403; x_wconf 86' lang='lat' dir='ltr'><strong>quasi</strong></span> <span class='ocrx_word' id='word_1_137' title='bbox 469 2323 502 2384; x_wconf 92' lang='lat' dir='ltr'><strong>iu</strong></span> <span class='ocrx_word' id='word_1_138' title='bbox 524 2326 641 2385; x_wconf 88' lang='lat' dir='ltr'><strong>sortem</strong></span> <span class='ocrx_word' id='word_1_139' title='bbox 654 2323 777 2385; x_wconf 87' lang='lat' dir='ltr'><strong>Domini</strong></span> <span class='ocrx_word' id='word_1_140' title='bbox 792 2323 917 2404; x_wconf 67' lang='lat' dir='ltr'><strong>vocati),</strong></span> <span class='ocrx_word' id='word_1_141' title='bbox 934 2325 1012 2388; x_wconf 87' lang='lat' dir='ltr'><strong>alios</strong></span> <span class='ocrx_word' id='word_1_142' title='bbox 1024 2325 1079 2388; x_wconf 77' lang='lat' dir='ltr'><strong>lsi·</strong></span> 
     </span>
     <span class='ocr_line' id='line_1_23' title="bbox 149 2415 1079 2498; baseline 0.001 -18"><span class='ocrx_word' id='word_1_143' title='bbox 149 2437 204 2480; x_wconf 90' lang='lat' dir='ltr'><strong>eos</strong></span> <span class='ocrx_word' id='word_1_144' title='bbox 223 2417 318 2498; x_wconf 73' lang='lat' dir='ltr'><strong>(naas,</strong></span> <span class='ocrx_word' id='word_1_145' title='bbox 334 2415 446 2496; x_wconf 86' lang='lat' dir='ltr'><strong>plebs).</strong></span> <span class='ocrx_word' id='word_1_146' title='bbox 464 2415 553 2478; x_wconf 89' lang='lat' dir='ltr'><strong>Unde</strong></span> <span class='ocrx_word' id='word_1_147' title='bbox 571 2433 713 2494; x_wconf 82' lang='lat' dir='ltr'><strong>personae</strong></span> <span class='ocrx_word' id='word_1_148' title='bbox 730 2415 763 2477; x_wconf 93' lang='lat' dir='ltr'><strong>in</strong></span> <span class='ocrx_word' id='word_1_149' title='bbox 778 2416 918 2479; x_wconf 74' lang='lat' dir='ltr'><strong>Ecclesia</strong></span> <span class='ocrx_word' id='word_1_150' title='bbox 931 2417 1079 2480; x_wconf 82' lang='lat' dir='ltr'><strong>dividun-</strong></span> 
     </span>
     <span class='ocr_line' id='line_1_24' title="bbox 147 2508 1079 2589; baseline -0.001 -16"><span class='ocrx_word' id='word_1_151' title='bbox 147 2514 200 2573; x_wconf 89' lang='lat' dir='ltr'><strong>tur</strong></span> <span class='ocrx_word' id='word_1_152' title='bbox 207 2509 241 2570; x_wconf 89' lang='lat' dir='ltr'><strong>iu</strong></span> <span class='ocrx_word' id='word_1_153' title='bbox 251 2510 330 2572; x_wconf 90' lang='lat' dir='ltr'><strong>duos</strong></span> <span class='ocrx_word' id='word_1_154' title='bbox 344 2508 506 2588; x_wconf 78' lang='lat' dir='ltr'><strong>generales</strong></span> <span class='ocrx_word' id='word_1_155' title='bbox 521 2510 630 2586; x_wconf 80' lang='lat' dir='ltr'><strong>status,</strong></span> <span class='ocrx_word' id='word_1_156' title='bbox 648 2508 826 2570; x_wconf 87' lang='lat' dir='ltr'><strong>clericalem</strong></span> <span class='ocrx_word' id='word_1_157' title='bbox 839 2527 954 2589; x_wconf 76' lang='lat' dir='ltr'><strong>nempe</strong></span> <span class='ocrx_word' id='word_1_158' title='bbox 974 2514 1006 2572; x_wconf 82' lang='lat' dir='ltr'><strong>at</strong></span> <span class='ocrx_word' id='word_1_159' title='bbox 1022 2509 1079 2572; x_wconf 80' lang='lat' dir='ltr'><strong>lsi·</strong></span> 
     </span>
     <span class='ocr_line' id='line_1_25' title="bbox 148 2599 1076 2681; baseline -0.002 -17"><span class='ocrx_word' id='word_1_160' title='bbox 148 2603 260 2664; x_wconf 82' lang='lat' dir='ltr'><strong>celem.</strong></span> <span class='ocrx_word' id='word_1_161' title='bbox 281 2601 381 2681; x_wconf 80' lang='lat' dir='ltr'><strong>Igitur</strong></span> <span class='ocrx_word' id='word_1_162' title='bbox 398 2600 542 2662; x_wconf 81' lang='lat' dir='ltr'><strong>tractatio</strong></span> <span class='ocrx_word' id='word_1_163' title='bbox 558 2599 619 2662; x_wconf 82' lang='lat' dir='ltr'><strong>ista</strong></span> <span class='ocrx_word' id='word_1_164' title='bbox 632 2600 664 2661; x_wconf 94' lang='lat' dir='ltr'><strong>in</strong></span> <span class='ocrx_word' id='word_1_165' title='bbox 686 2600 765 2662; x_wconf 93' lang='lat' dir='ltr'><strong>duos</strong></span> <span class='ocrx_word' id='word_1_166' title='bbox 782 2601 890 2665; x_wconf 86' lang='lat' dir='ltr'><strong>titulos</strong></span> <span class='ocrx_word' id='word_1_167' title='bbox 906 2601 1076 2678; x_wconf 72' lang='lat' dir='ltr'><strong>dividetur,</strong></span> 
     </span>
     <span class='ocr_line' id='line_1_26' title="bbox 149 2691 1079 2775; baseline -0.002 -19"><span class='ocrx_word' id='word_1_168' title='bbox 149 2712 283 2775; x_wconf 84' lang='lat' dir='ltr'><strong>quorum</strong></span> <span class='ocrx_word' id='word_1_169' title='bbox 305 2692 426 2772; x_wconf 82' lang='lat' dir='ltr'><strong>primus</strong></span> <span class='ocrx_word' id='word_1_170' title='bbox 447 2691 507 2754; x_wconf 84' lang='lat' dir='ltr'><strong>erit</strong></span> <span class='ocrx_word' id='word_1_171' title='bbox 522 2691 562 2752; x_wconf 89' lang='lat' dir='ltr'><strong>de</strong></span> <span class='ocrx_word' id='word_1_172' title='bbox 582 2695 664 2754; x_wconf 85' lang='lat' dir='ltr'><strong>statu</strong></span> <span class='ocrx_word' id='word_1_173' title='bbox 682 2692 829 2769; x_wconf 80' lang='lat' dir='ltr'><strong>clericuli,</strong></span> <span class='ocrx_word' id='word_1_174' title='bbox 849 2693 929 2760; x_wconf 65' lang='lat' dir='ltr'><strong>altu</strong></span> <span class='ocrx_word' id='word_1_175' title='bbox 943 2709 1020 2754; x_wconf 77' lang='lat' dir='ltr'><strong>senc</strong></span> <span class='ocrx_word' id='word_1_176' title='bbox 1039 2693 1079 2754; x_wconf 89' lang='lat' dir='ltr'><strong>dc</strong></span> 
     </span>
    </p>
   </div>
   <div class='ocr_carea' id='block_1_3' title="bbox 143 2784 1079 3144">
    <p class='ocr_par' dir='ltr' id='par_1_6' title="bbox 143 2784 1079 3144">
     <span class='ocr_line' id='line_1_27' title="bbox 148 2784 1078 2865; baseline -0.001 -15"><span class='ocrx_word' id='word_1_177' title='bbox 148 2790 231 2850; x_wconf 80' lang='lat' dir='ltr'><strong>statu</strong></span> <span class='ocrx_word' id='word_1_178' title='bbox 251 2785 365 2862; x_wconf 83' lang='lat' dir='ltr'><strong>laicali,</strong></span> <span class='ocrx_word' id='word_1_179' title='bbox 384 2802 462 2864; x_wconf 85' lang='lat' dir='ltr'><strong>quos</strong></span> <span class='ocrx_word' id='word_1_180' title='bbox 480 2784 613 2864; x_wconf 86' lang='lat' dir='ltr'><strong>excipiet</strong></span> <span class='ocrx_word' id='word_1_181' title='bbox 631 2785 736 2848; x_wconf 86' lang='lat' dir='ltr'><strong>brevis</strong></span> <span class='ocrx_word' id='word_1_182' title='bbox 756 2785 914 2865; x_wconf 73' lang='lat' dir='ltr'><strong>appendix</strong></span> <span class='ocrx_word' id='word_1_183' title='bbox 935 2786 974 2848; x_wconf 80' lang='lat' dir='ltr'><strong>ds</strong></span> <span class='ocrx_word' id='word_1_184' title='bbox 995 2788 1078 2849; x_wconf 83' lang='lat' dir='ltr'><strong>statu</strong></span> 
     </span>
     <span class='ocr_line' id='line_1_28' title="bbox 148 2877 1079 2960; baseline 0 -18"><span class='ocrx_word' id='word_1_185' title='bbox 148 2879 296 2960; x_wconf 83' lang='lat' dir='ltr'><strong>regulari,</strong></span> <span class='ocrx_word' id='word_1_186' title='bbox 307 2877 361 2958; x_wconf 91' lang='lat' dir='ltr'><strong>qui</strong></span> <span class='ocrx_word' id='word_1_187' title='bbox 375 2879 474 2940; x_wconf 84' lang='lat' dir='ltr'><strong>status</strong></span> <span class='ocrx_word' id='word_1_188' title='bbox 484 2878 523 2939; x_wconf 89' lang='lat' dir='ltr'><strong>de</strong></span> <span class='ocrx_word' id='word_1_189' title='bbox 533 2895 591 2940; x_wconf 84' lang='lat' dir='ltr'><strong>suc</strong></span> <span class='ocrx_word' id='word_1_190' title='bbox 604 2881 717 2940; x_wconf 84' lang='lat' dir='ltr'><strong>natura</strong></span> <span class='ocrx_word' id='word_1_191' title='bbox 730 2881 842 2941; x_wconf 85' lang='lat' dir='ltr'><strong>neuter</strong></span> <span class='ocrx_word' id='word_1_192' title='bbox 854 2881 912 2957; x_wconf 83' lang='lat' dir='ltr'><strong>ost,</strong></span> <span class='ocrx_word' id='word_1_193' title='bbox 923 2877 1079 2960; x_wconf 75' lang='lat' dir='ltr'><strong>siquidm</strong></span> 
     </span>
     <span class='ocr_line' id='line_1_29' title="bbox 143 2969 1079 3053; baseline -0.001 -18"><span class='ocrx_word' id='word_1_194' title='bbox 143 2991 186 3035; x_wconf 81' lang='lat' dir='ltr'><strong>ex</strong></span> <span class='ocrx_word' id='word_1_195' title='bbox 209 2971 348 3034; x_wconf 85' lang='lat' dir='ltr'><strong>diversis</strong></span> <span class='ocrx_word' id='word_1_196' title='bbox 363 2969 562 3032; x_wconf 83' lang='lat' dir='ltr'><strong>constituitur</strong></span> <span class='ocrx_word' id='word_1_197' title='bbox 580 2970 752 3049; x_wconf 86' lang='lat' dir='ltr'><strong>principiis,</strong></span> <span class='ocrx_word' id='word_1_198' title='bbox 774 2971 830 3034; x_wconf 86' lang='lat' dir='ltr'><strong>sed</strong></span> <span class='ocrx_word' id='word_1_199' title='bbox 848 2971 983 3040; x_wconf 85' lang='lat' dir='ltr'><strong>duorum</strong></span> <span class='ocrx_word' id='word_1_200' title='bbox 996 2971 1079 3053; x_wconf 74' lang='lat' dir='ltr'><strong>psis-</strong></span> 
     </span>
     <span class='ocr_line' id='line_1_30' title="bbox 149 3061 672 3144; baseline -0.004 -18"><span class='ocrx_word' id='word_1_201' title='bbox 149 3083 220 3132; x_wconf 86' lang='lat' dir='ltr'><strong>rum</strong></span> <span class='ocrx_word' id='word_1_202' title='bbox 233 3063 360 3144; x_wconf 85' lang='lat' dir='ltr'><strong>utrique</strong></span> <span class='ocrx_word' id='word_1_203' title='bbox 374 3064 478 3142; x_wconf 81' lang='lat' dir='ltr'><strong>potest</strong></span> <span class='ocrx_word' id='word_1_204' title='bbox 488 3061 672 3126; x_wconf 85' lang='lat' dir='ltr'><strong>consociari.</strong></span> 
     </span>
    </p>
   </div>
   <div class='ocr_carea' id='block_1_4' title="bbox 0 0 1284 4132">
    <p class='ocr_par' dir='ltr' id='par_1_7' title="bbox 0 0 1284 4132">
     <span class='ocr_line' id='line_1_31' title="bbox 0 0 1284 4132; baseline 0 0"><span class='ocrx_word' id='word_1_205' title='bbox 0 0 1284 4132; x_wconf 95' lang='lat' dir='ltr'><strong> </strong></span> 
     </span>
    </p>
   </div>
  </div>
 </body>
</html>
