2540 4132
324 385 429 434 coerce
452 385 603 433 seuerius
623 385 707 432 rurus
728 385 883 434 erronei.
1007 373 1064 436 125

176 531 325 610 Sequenti
364 549 462 606 sac,
492 531 660 594 Severinus
681 531 789 592 Binius
816 521 895 610 opus
919 532 1066 610 produxit

132 643 235 703 usque
250 624 290 683 ad
305 642 419 685 novem
433 624 603 700 volumina,
615 624 716 684 donec
726 624 880 684 Labbaeus
898 629 930 686 et
942 627 1065 686 Cossor-

130 717 205 792 tius‚
231 715 323 776 ambo
346 735 383 776 ex
398 718 547 778 societate
565 718 656 788 lesu,
678 734 757 794 opus
774 715 834 775 hoe
851 716 1066 794 produxerunt

130 827 234 888 usque
259 809 299 869 ad
324 813 359 870 ll
386 809 556 869 volumina.
579 811 787 870 accesserunt
809 809 914 869 studia
936 809 1062 886 Balusii,

129 902 233 963 Colesi
255 905 287 962 et
304 902 525 978 recentiorum,
549 901 677 961 demum
691 900 821 964 loannis
836 903 871 962 D.
882 899 995 978 Mauri,
1012 899 1064 982 qui

129 995 303 1074 incoeptam
318 994 533 1056 collectionem
548 993 750 1054 conciliorum
770 993 1002 1056 continuarunt.

225 1145 235 1196 S
250 1147 286 1186 ΙΙΙ.
302 1153 472 1186 mnnlcrlom
486 1153 632 1186 ominoso!
646 1153 774 1186 sacroru!
788 1153 969 1188 urrunnun.

173 1271 210 1329 V.
240 1271 294 1330 Hie
316 1268 516 1330 collectiones
540 1267 571 1330 in
599 1287 747 1348 magnam
767 1267 891 1350 copiam
917 1287 1064 1332 excreve-

130 1367 216 1423 runt.

174 1454 278 1527 Quoad
285 1455 439 1516 decisiones
453 1475 544 1517 sucrrc
555 1456 641 1516 Rotoe
660 1456 809 1534 dunense,
825 1461 938 1537 praetcr
953 1457 1062 1520 collec-

129 1547 251 1608 tionem
271 1548 465 1609 decisionum
481 1567 550 1628 quae
564 1551 645 1610 liunt
658 1567 715 1627 pro
724 1549 854 1628 singulis
868 1549 1063 1612 auditoribus

130 1659 239 1700 coram
250 1641 362 1719 quibus
373 1641 546 1701 decisiones
558 1641 629 1702 latae
642 1645 725 1717 sunt,
742 1641 894 1702 habemus
903 1641 1062 1721 ingentem

129 1733 358 1793 collectionem.
382 1735 513 1812 Insuper
530 1733 682 1794 habemus
696 1735 911 1796 collectionem
930 1734 1063 1796 decisio-

127 1844 206 1885 num
235 1843 304 1904 quae
336 1826 483 1887 dicuntur
508 1827 689 1888 recentiores.
720 1828 878 1889 Habemus
913 1831 945 1888 et
968 1828 1062 1888 aliam

127 1917 324 1978 deciSIonum
348 1937 418 1997 quae
433 1919 581 1980 dicuntur
597 1921 792 1999 nuperrime·
813 1921 941 1980 demum
965 1919 1063 1980 habe-

125 2029 199 2070 mus
213 2011 373 2089 ingentem
384 2012 507 2090 copiam
520 2012 712 2072 decisionum
725 2030 794 2090 quae
806 2011 953 2072 dicuntur
965 2011 1061 2072 colun-

128 2111 181 2178 tes,
199 2121 270 2182 qnae
283 2121 396 2182 nempe
414 2105 445 2163 in
465 2105 618 2182 separatis
634 2103 715 2164 foliis
729 2104 911 2180 consistunt,
929 2121 1061 2182 quaeque

126 2196 266 2256 eduntur
289 2215 346 2274 pro
370 2196 499 2275 singulis
524 2197 635 2257 diebus
659 2196 827 2275 inquibus
852 2195 989 2256 tribunal
1008 2212 1061 2254 eas

126 2288 321 2366 pronuntiat.

166 2383 218 2442 Vl.
244 2382 352 2453 Quoad
380 2381 555 2443 decisiones
581 2385 735 2461 Congreg.
765 2381 875 2458 card,
906 2381 1060 2442 habemus

125 2473 428 2536 abundantissimam
441 2474 655 2536 collectionem
673 2473 868 2535 decisionum
886 2493 1058 2554 congrega-

124 2565 220 2627 tionis
253 2567 395 2642 concilii,
426 2568 484 2626 sub
513 2567 638 2627 nomine
673 2567 813 2627 Tbesouri
835 2567 1056 2643 resolutionum,

124 2659 311 2720 auctoritate
324 2659 421 2737 ipsius
437 2679 585 2739 congreg.
603 2663 697 2721 Conc.
711 2661 884 2738 vulgatum.
900 2662 1059 2719 Praeterea

124 2755 156 2810 et
175 2749 254 2810 alias
273 2751 471 2812 collectiones
486 2751 713 2813 resolutionum
726 2751 870 2831 ejusdem
884 2769 1058 2830 congrega-

101 2878 104 2884 *
123 2844 218 2904 tionis
234 2862 304 2922 quae
317 2843 439 2922 privato
453 2845 556 2904 studio
573 2845 722 2906 confectae
738 2848 820 2904 sunt.

164 2936 217 2998 Sic
240 2940 272 2996 et
293 2955 350 3014 pro
376 2937 496 2998 caeteris
525 2937 821 3016 congregationibus
846 2937 1004 3000 habentur
1026 2943 1057 2998 et

123 3030 253 3090 decreta
274 3033 305 3090 et
328 3029 526 3090 collectiones
549 3029 749 3090 decretorum
773 3030 842 3091 :iia
858 3030 1056 3091 Gardellinus

122 3122 251 3200 collegit
272 3122 400 3182 decreta
419 3141 499 3182 sacr.
524 3121 641 3182 rituum
657 3125 826 3201 congreg,
844 3126 875 3182 et
890 3121 971 3183 hanc
992 3123 1057 3183 col-

121 3214 290 3275 lectionem
306 3214 405 3276 edidit
419 3215 476 3275 sub
492 3215 582 3275 titulo
599 3236 605 3274 :
622 3213 813 3276 Decrctornm
824 3213 1055 3275 authenticorum

59 3386 61 3390 Ι
121 3307 355 3386 congregationis
377 3326 525 3366 sacrorum
546 3307 668 3369 rituum.
693 3307 753 3370 Alii
772 3307 804 3368 in
823 3307 891 3367 aliis
908 3306 1054 3383 colligen-

121 3399 169 3461 dis
185 3399 406 3462 incubuerunt.
436 3409 438 3414 ’

162 3493 228 3554 VII.
253 3491 311 3552 Hie
331 3496 377 3554 est
391 3493 546 3571 generalis
562 3498 732 3572 apparatus
752 3491 889 3553 historiae
914 3487 1054 3550 omnium

121 3584 343 3649 collectionum
366 3603 436 3667 quse
454 3605 512 3668 per
525 3585 608 3648 hanc
626 3586 770 3649 ultimam
784 3583 949 3664 periodum
962 3581 1053 3645 lactae
