2604 4128
205 347 264 408 tta
415 351 643 402 msrrrurronus
663 349 746 398 susis
767 347 922 396 esuouron

245 506 276 566 3⁰
297 501 350 564 1⁴]oe
379 497 657 579 praesumptiones,
688 494 762 556 lieet
787 491 958 573 proposita
988 489 1051 554 sint
1078 505 1137 574 pro

205 599 311 678 legum
325 592 593 674 interpretatione,
607 588 752 651 omnibus
766 591 873 650 tamen
887 585 983 648 etiam
996 583 1029 646 in
1042 603 1141 665 peon·

205 689 335 752 liaribus
361 685 442 768 Juris
468 683 723 763 dispositionibus
751 682 892 760 possunt,
910 679 986 740 data
1007 697 1142 762 propor-

206 783 302 858 tione,
320 777 484 860 applioari,
499 777 533 838 in
549 779 702 857 quantum
716 774 835 836 soilioet
858 792 967 838 omnes
993 779 1140 838 naturam

207 877 314 955 legum
329 871 501 934 imitantur.

494 1095 495 1099 ,
574 1027 704 1090 CAPUT
725 1025 763 1086 Il.

406 1191 444 1236 nu
466 1189 612 1237 rourrsns
632 1185 936 1233 rnrsrrnnmuonrs.

247 1325 270 1386 l.
294 1325 407 1384 Fontes
431 1319 589 1382 eanonioae
613 1315 880 1395 interpretationis
895 1316 1043 1378 dicuntur
1071 1317 1142 1380 loea
1232 1307 1234 1381 ἰ

209 1416 293 1478 unde
318 1416 504 1494 argumenta
530 1409 656 1472 haurire
684 1409 788 1470 valeat
810 1408 981 1488 interpres,
1005 1413 1040 1471 nt
1062 1409 1141 1490 legis
1232 1437 1235 1488 3

209 1526 336 1569 sensum
356 1508 535 1587 eognoscat,
555 1502 716 1583 cognitum
733 1501 814 1562 tueri
837 1507 951 1582 quaeat.
971 1504 1045 1564 Jsm
1065 1521 1141 1566 vero
1232 1546 1234 1555 .

157 1627 166 1724 p
196 1601 278 1662 ,haeo
302 1600 372 1662 loea
385 1598 501 1678 duplici
520 1617 558 1658 ex
577 1595 679 1674 eapite
694 1596 758 1674 peti
775 1599 906 1674 possunt
928 1615 934 1656 :
959 1614 1073 1676 nempe
1092 1595 1142 1658 vel
1232 1582 1234 1648 ἔ

210 1712 247 1754 ee
259 1692 383 1770 joreval
395 1691 529 1770 esstote.
543 1691 626 1768 Ergo
639 1688 753 1750 horum
762 1688 903 1750 looorum
920 1689 1142 1752 tractationem
1293 1749 1294 1758 ,

211 1785 244 1846 in
258 1783 338 1845 duos
352 1782 514 1863 generales
526 1785 585 1842 art.
603 1781 842 1860 distinguemus,
858 1799 991 1861 quorum
1005 1783 1143 1862 primum
1232 1811 1234 1863 j
1293 1767 1294 1788 ¹

213 1877 252 1940 de
273 1875 356 1958 jure,
374 1875 508 1937 alterum
531 1877 638 1936 autem
662 1873 701 1934 de
723 1874 818 1951 faeto,
844 1873 1050 1955 inquantum
1075 1893 1144 1938 esse
1232 1879 1235 1935 i

214 1969 458 2049 possuntfontes
473 1965 909 2048 oenonioaejnrisprudentiae.
1293 1967 1294 1978 ¹

509 2151 687 2202 ARTICULUS
705 2149 837 2202 PRIMUS.

217 2311 249 2350 DE
265 2311 330 2350 JURE
347 2303 487 2354 dustanus
511 2305 557 2346 EST
575 2305 641 2345 FONS
659 2301 798 2344 SACRORUM
816 2301 943 2344 CANONUH
969 2303 1147 2347 turturum·

627 2381 724 2420 mortis.

255 2515 272 2576 J
276 2531 322 2590 us,
337 2515 373 2574 ut
387 2528 494 2573 omnes
504 2509 617 2586 seiunt,
634 2507 749 2587 duplex
763 2525 830 2568 esse
841 2511 954 2587 potest,
971 2525 1085 2591 nempe
1096 2511 1148 2573 vol

218 2604 416 2669 divinumvel
426 2600 722 2680 humanum,prouti
734 2618 753 2660 a
763 2601 827 2660 Deo
838 2600 888 2660 vel
900 2601 941 2662 ab
949 2601 1075 2663 homine
1090 2603 1149 2668 im-.

217 2699 353 2760 mediate
376 2697 475 2759 latum
489 2695 593 2756 fuerit.
611 2697 708 2755 Porro
723 2695 891 2772 utrumque
913 2693 966 2774 jus
986 2695 1056 2756 fons
1078 2713 1148 2758 esse

217 2795 320 2871 potest
329 2788 593 2868 interpretationis
604 2786 864 2863 eanonieae.Ergo
875 2789 910 2847 ut
919 2787 1028 2848 ordine
1038 2805 1149 2866 prooe-

218 2882 381 2946 demusin
402 2881 639 2958 tractationem,
661 2896 731 2939 eam
754 2877 982 2956 distinguemus
1010 2879 1043 2940 in
1067 2879 1149 2942 duos

218 2963 444 3056 paragraphus
461 2992 594 3053 quorum
604 2972 740 3051 primum
751 2969 809 3031 erit
822 2970 860 3030 de
871 2971 943 3050 jure
956 2972 1061 3034 divino
1077 2975 1150 3034 tan-

219 3084 314 3148 quam
337 3065 422 3128 fonte
451 3063 715 3144 interpretationis
754 3061 926 3140 canonioae,
954 3064 1087 3127 alterum
1107 3063 1150 3134 de

215 3159 287 3242 jure
301 3160 439 3222 humano
457 3158 514 3220 sub
528 3158 640 3220 eodem
655 3159 799 3236 respeotu
814 3155 1022 3219 considerato.

217 3333 228 3387 ς
242 3335 258 3375 1.
273 3313 304 3375 nu
317 3304 387 3375 *anst
399 3341 483 3374 arvino
496 3339 621 3381 Quantus
634 3339 674 3370 mr
694 3337 752 3371 rous
768 3337 1002 3373 immurmurarent
1019 3335 1151 3376 umnam

259 3466 297 3526 11.
321 3466 378 3527 Jus
392 3463 532 3526 divinum
543 3461 594 3522 vel
607 3479 666 3540 per
678 3464 798 3523 rectam
811 3460 967 3524 rationem
979 3459 1152 3543 unicuique

223 3555 384 3618 hominum
399 3555 576 3617 intimatum
590 3556 647 3630 est,
664 3551 715 3614 vel
734 3553 963 3644 supernaturali
979 3553 1039 3618 Dei·
1056 3569 1152 3642 reue:
