2542 4122
389 335 430 383 ne
450 335 578 384 omroro
597 329 682 384 annis
707 335 862 385 coroner.
1032 327 1089 390 tol

200 479 320 542 ASixto
328 481 366 557 V,
378 497 509 541 numero
520 481 707 560 multiplices
715 481 863 543 institutae
872 481 1089 563 suntdenovo,

160 573 211 634 vel
225 573 294 634 aliae
304 571 372 652 jam
384 573 533 634 institutae
550 574 582 634 in
603 573 765 636 meliorem
787 575 922 636 formam
942 575 1087 640 redactae.

160 665 312 726 Instituta
326 667 400 726 sunt
414 666 674 746 congregationes
692 665 919 743 Conantorinlie,
933 701 973 713 -
985 667 1091 730 Socrc
1127 683 1133 690 ·

160 779 226 818 rnna
240 758 376 835 Ititonm,
392 793 432 803 -
445 758 661 839 Episcoporum
675 769 704 819 et
717 759 921 846 dagobertum.

200 851 398 913 AGlemente
413 852 493 928 VIII,
513 851 772 931 congregationes
791 871 848 932 pro
870 853 1003 914 eramiae
1016 853 1089 934 cpis-

160 961 307 1023 copornm,
323 942 448 1024 fabrice
460 943 556 1004 sancti
567 943 664 1006 Petri.

159 1045 168 1064 ·
201 1037 227 1096 Α
242 1035 392 1115 Gregorio
404 1038 471 1113 XV,
485 1054 634 1116 congreg.
651 1035 859 1118 Propagandrr
872 1039 953 1120 fidei.

201 1129 249 1190 Ab
267 1129 394 1190 Urbano
411 1131 491 1206 VIII,
508 1129 769 1209 congregationes
789 1129 990 1193 Innnnnitotie
1004 1133 1089 1193 cccl-

160 1221 286 1284 einatiroe
297 1223 328 1282 et
344 1219 523 1282 Viritotiom‘e
532 1219 706 1302 apostolica.

202 1315 250 1375 Ab
261 1313 441 1375 Innocentio
457 1315 495 1390 X,
510 1314 712 1394 congregatio
727 1313 902 1396 Dnnplinoe
912 1317 1067 1398 regularia.

202 1406 397 1468 AGlcmente
407 1407 459 1482 IX,
473 1406 675 1496 congregatio
684 1406 1091 1489 IndulgentiornmctSacrn-

162 1519 228 1559 rann
241 1497 455 1579 Itcliqaiornrn.

201 1594 227 1654 A
242 1593 347 1652 Leone
362 1592 428 1668 Xll,
444 1591 648 1671 congregatio
660 1591 846 1656 Studiorum.

200 1685 308 1746 XVIII.
336 1685 366 1744 1ο
394 1681 589 1765 Congregotio
614 1685 722 1746 Sancti
744 1685 858 1769 Officii.
886 1689 1091 1750 Interomoes

162 1775 421 1856 congregationes
436 1775 655 1854 cardinalium,
677 1778 742 1840 sive
762 1780 883 1842 ratione
898 1779 1091 1860 antiquitatis

162 1869 256 1949 (illius
266 1867 509 1930 eniminstitutio
520 1869 640 1931 adsaeo.
651 1871 706 1930 Xll
717 1872 880 1951 ascendit),
894 1872 959 1933 sive
969 1872 1090 1934 ratione

162 1961 276 2041 objecti
290 1961 330 2020 de
343 1977 404 2038 quo
415 1964 587 2039 pertractat
600 1961 677 2042 (agit
691 1961 774 2022 enim
792 1963 831 2023 de
846 1963 967 2025 delictis
982 1967 1091 2024 contra

160 2055 256 2115 fidem
267 2051 421 2130 patratis),
432 2051 499 2114 sive
508 2053 630 2114 ratione
645 2053 756 2133 capitis
768 2053 819 2114 cui
829 2055 1009 2115 immediate
1019 2055 1090 2115 sule

157 2145 265 2228 jioitur
280 2145 387 2224 (hahet
401 2143 485 2205 enim
495 2148 585 2206 Rom.
602 2146 784 2208 Pontificem
800 2149 952 2227 tanquam
961 2147 1099 2226 praefec·

159 2242 229 2301 tum
244 2235 459 2316 ordinarium),
473 2237 599 2299 eminet.
621 2239 676 2299 llst
699 2238 752 2298 illa
769 2255 838 2319 quae
861 2239 956 2318 vulgo
977 2237 1092 2300 dicitur

128 2382 133 2387 .
161 2347 316 2409 supremae
336 2333 368 2390 et
385 2329 556 2391 universalia
567 2330 773 2412 inquisitionis,
794 2350 849 2392 seu
870 2331 968 2394 sancti
983 2331 1088 2393 offleii.

161 2425 240 2487 Sacc.
253 2423 308 2483 XII
319 2439 392 2482 cum
403 2422 531 2484 haeresis
545 2423 748 2486 Valdensium
760 2424 791 2484 in
802 2424 981 2502 Occidente,
996 2424 1091 2486 etiam

160 2516 193 2578 in
207 2515 306 2592 Italia,
323 2521 530 2594 grassaretur,
547 2515 585 2576 de
597 2535 631 2576 re
644 2535 701 2577 sua
718 2535 786 2578 esse
802 2517 891 2578 duxit
903 2521 992 2578 Rom.
1009 2519 1091 2578 Pon-

158 2607 234 2670 tifex
244 2607 269 2668 si
283 2606 437 2687 quosdam
452 2606 536 2669 viros
544 2607 674 2687 eligeret
689 2609 753 2688 qni,
766 2628 829 2670 una
840 2629 912 2670 cum
923 2608 1088 2688 episcopis,

160 2701 312 2762 adversus
335 2701 457 2760 tantum
481 2701 601 2762 malum
619 2701 760 2763 remedia
778 2704 954 2781 opportuna
970 2719 1091 2781 quaere-

104 2840 108 2844 .
159 2795 240 2854 rent.

200 2884 321 2946 'Iltulus
344 2883 526 2965 inquisitoris
547 2885 678 2946 collatus
699 2886 757 2948 fuit
780 2885 820 2947 ab
845 2887 1026 2950 Innocentio
1050 2887 1091 2949 llI
1169 2899 1176 2924 ¹

112 2984 115 2990 '
160 2979 258 3040 Beato
268 2975 443 3038 Dominieo.
460 2977 550 3039 Unde
565 2977 683 3039 factum
702 2981 798 3040 estut
812 2979 889 3041 ordo
905 2973 1091 3041 Praedicato‘-

158 3087 243 3146 rum,
258 3067 348 3150 cujus
357 3069 537 3130 Dominicus
547 3069 694 3131 fundator
704 3071 814 3149 extitit,
829 3072 999 3132 maximam
1012 3089 1091 3132 sem-

160 3180 218 3240 per
227 3167 350 3240 partem
363 3161 395 3221 in
407 3160 588 3240 hujusmodi
600 3163 733 3243 negotiis
748 3163 904 3226 habuerit.

199 3255 318 3330 Itomae,
334 3253 471 3314 tribunal
484 3271 580 3315 sacrae
595 3253 805 3334 inquisitionis
816 3256 985 3335 peripsum
998 3257 1088 3315 Rom.

160 3345 345 3418 Pontificem
355 3345 536 3408 immediate
551 3348 732 3427 regebatur,
745 3349 900 3429 adjunctis
910 3364 966 3425 pro
979 3365 1091 3424 oppor-

157 3438 292 3502 tunitate
305 3439 494 3518 quibusdam
505 3440 750 3521 coadjutoribus,
766 3439 818 3520 qui
827 3439 1024 3518 potissImum
1036 3440 1092 3500 eli-

159 3531 316 3610 gebantur
330 3549 368 3592 ex
384 3529 493 3606 ordine
509 3533 766 3609 Praedioatorum,
784 3533 815 3592 et
831 3534 922 3593 erant
937 3531 1015 3593 alter
1028 3531 1092 3593 Mo-

939 3636 986 3693 lt*
