2502 4130
213 307 273 370 304
431 319 664 368 rnsr1rurronns
684 321 767 368 runis
787 320 942 368 aaronica

217 467 316 530 Tertia
330 465 490 546 categoria
511 465 751 546 comprehendit
763 466 824 528 alia
843 464 976 544 collegia
993 462 1153 524 laicorum

215 561 358 624 instituta
367 563 402 622 ut
416 559 547 640 alicujus
557 559 670 638 peculii
686 558 925 622 ecclesiasticiin
940 557 1154 618 ecclesiarum

215 653 350 718 fabricas
360 653 561 732 impendendi
572 653 873 715 administrationem
884 651 1093 723 habeantne
1107 649 1155 708 his

214 747 314 810 tribus
334 745 500 824 categoriis
526 746 730 826 collegiorum
760 745 919 806 laicalium
938 743 1046 824 deque
1068 742 1156 821 ipso-

215 860 286 904 rum
301 839 477 902 differentia
492 843 523 901 et
534 839 685 902 relatione
700 840 751 902 vel
763 839 909 918 analogia
920 855 1019 918 quam
1034 836 1156 897 habent

216 935 257 996 ad
270 932 403 1012 collegia
417 931 614 1009 clericorum,
631 933 738 1014 aliqua
752 932 902 992 dicemus.

255 1028 292 1088 ll.
316 1026 423 1087 Prima
437 1025 597 1104 categoria
612 1026 739 1086 omuino
755 1025 891 1102 analoga
905 1026 936 1084 et
955 1021 1094 1082 relativa
1109 1025 1155 1082 est

216 1119 364 1199 gradibus
376 1119 409 1178 in
425 1137 503 1197 quos
518 1117 722 1198 distinguitur
736 1117 901 1197 pastoralis
922 1115 1106 1196 jurisdictio
1123 1115 1154 1174 in

216 1212 366 1274 Ecclesia.
401 1213 480 1273 Cum
507 1212 591 1272 enim
618 1211 685 1273 istae
710 1211 877 1272 societates
895 1209 1031 1270 laicales
1054 1207 1156 1270 conei-

216 1305 344 1384 piantur
357 1305 398 1366 ad
413 1305 512 1366 instar
525 1323 659 1384 gregum
674 1304 706 1364 in
721 1304 831 1366 ordine
845 1303 883 1364 ad
900 1306 1048 1383 pastores
1062 1320 1154 1377 suaa,

216 1397 369 1459 adinstar
390 1397 529 1475 plebium
551 1397 709 1458 inordina
731 1397 771 1458 ad
793 1415 866 1458 suos
888 1395 1051 1475 principes
1065 1393 1158 1473 spiri-

216 1489 331 1566 tualeS,
345 1490 420 1549 iude
442 1493 490 1551 est
514 1490 598 1570 quod
614 1489 726 1551 eadem
740 1491 939 1569 rationeque
961 1489 1072 1567 plures
1086 1490 1158 1548 sunt

119 1659 123 1666 ι
216 1583 335 1664 gradus
363 1583 530 1661 pastoralis
554 1583 771 1644 sollicitudinis
798 1583 830 1644 in
856 1582 1008 1659 Ecclesia,
1025 1616 1068 1626 -
1081 1580 1158 1642 inci·

216 1677 330 1755 piendo
343 1679 461 1738 aPont.
474 1677 602 1738 Summo
613 1695 712 1757 usque
728 1677 769 1737 ad
783 1677 926 1737 infimum
936 1675 1158 1754 parochum‚a

216 1769 337 1847 synodo
353 1768 548 1830 aecumenica
557 1789 656 1848 usque
667 1769 708 1830 ad
720 1769 877 1850 synodum
887 1769 1158 1844 dioecesanam,—

216 1864 262 1923 tot
272 1859 334 1922 sint
344 1860 498 1923 laicorum
513 1861 681 1940 consortia,
694 1866 846 1943 tanquam
858 1881 973 1943 greges
984 1863 1038 1922 vel
1050 1861 1157 1941 plebes

217 1953 265 2015 his
279 1954 474 2016 auctoritatis
490 1955 709 2018 ecclesiasticae
724 1956 876 2036 gradihus
890 1955 1083 2036 gubernata.

256 2047 356 2129 Hujus
381 2049 505 2128 generis
527 2048 661 2128 collegia
684 2050 856 2110 maximam
877 2049 998 2110 hahent
1012 2048 1157 2110 similitu-

217 2141 323 2203 dinem
338 2159 410 2202 cum
424 2141 564 2220 collegiis
577 2141 636 2202 illis
655 2142 851 2204 clericalibus
867 2161 937 2223 quae
952 2142 1094 2203 diximus
1109 2159 1157 2203 or-

217 2235 298 2296 dinis
313 2235 479 2314 pastoralis
491 2253 546 2294 seu
558 2234 736 2314 legislativi.
753 2237 851 2298 Prout
864 2235 947 2296 enim
962 2235 1157 2296 clericalium

217 2328 1156 2406 propriumestrepraesentareuniversamEcclesiamdocen-

216 2423 291 2494 tem,
306 2423 490 2497 regentem,
514 2421 756 2499 gubernantem,
773 2423 995 2501 generalemve
1012 2425 1070 2483 aut
1084 2439 1157 2501 par·

216 2508 335 2587 tialem,
353 2510 397 2571 ita
409 2511 478 2573 haec
490 2513 643 2574 laicorum
658 2513 792 2594 collegia
806 2517 1036 2593 repraesentant
1048 2515 1157 2576 Eccle-

216 2603 295 2665 siam
310 2603 494 2682 discentem,
508 2610 628 2668 rectam
642 2606 875 2688 subditamque,
890 2611 957 2669 tum
972 2609 1155 2687 generalem

216 2700 284 2758 tum
304 2698 480 2776 partialem.
497 2699 571 2760 Sola
588 2699 765 2761 differentia
776 2699 859 2761 inter
874 2700 1034 2762 clericalia
1049 2704 1080 2762 et
1099 2701 1156 2762 lai-

217 2789 307 2866 oalia,
324 2791 378 2851 illa
392 2794 439 2852 est
451 2809 521 2870 quae
541 2791 681 2871 exsurgit
700 2811 737 2852 ex
758 2796 857 2854 status
873 2793 1074 2856 differentia:
1092 2795 1155 2855 cle-

216 2881 273 2942 rici
287 2882 371 2942 anim
387 2884 578 2946 conveniunt
589 2887 741 2964 tanquam
755 2891 894 2947 rectores
909 2890 940 2948 et
951 2891 1108 2965 posterea,
1120 2889 1154 2948 ut

213 2973 355 3055 judicent
367 2993 404 3036 ac
415 2976 600 3052 decernant;
618 2977 689 3039 laici
710 2969 783 3040 vero
796 2983 830 3040 ut
845 2980 1032 3042 clericorum
1047 2980 1153 3040 minis

107 3083 115 3097 ·
215 3069 294 3130 tario
310 3068 496 3147 subdantur,
512 3070 694 3150 magisterio
710 3075 742 3134 et
753 3072 885 3151 imperio
901 3072 1131 3153 obsequantur.

255 3164 306 3224 ΙΙΙ.
332 3163 478 3224 Secunda
501 3164 705 3243 collegiorum
725 3165 883 3226 laicalium
904 3167 1066 3246 categoria
1086 3186 1151 3228 uon

215 3257 294 3318 adeo
326 3255 463 3336 antiqua
495 3259 526 3318 et
553 3258 764 3319 connaturalis
791 3258 995 3321 inst'tutionis
1030 3263 1079 3320 est
1107 3261 1153 3322 uti

214 3349 328 3428 prima.
345 3349 467 3411 Sensim
482 3349 513 3409 in
529 3351 702 3434 Ecclesiam
711 3351 901 3430 introducta,
916 3353 1090 3414 maximum
1107 3354 1152 3414 in-

215 3445 410 3503 crementum
425 3461 461 3504 eo
477 3443 650 3522 praesertim
669 3463 707 3505 ax
719 3448 862 3524 tempore
875 3445 987 3508 habuit
1001 3465 1065 3526 quo
1081 3465 1154 3508 cor-

215 3533 278 3592 ruit
292 3534 423 3608 pristina
435 3535 627 3612 poenitentiae
643 3536 818 3616 disciplina.
827 3540 877 3601 Ad
885 3540 1058 3602 fovendum
1072 3540 1153 3604 illud
