2502 4130
345 342 384 387 nn
405 341 534 388 caruero
555 342 637 387 rums
664 339 819 388 errorum.
988 329 1046 392 me

117 486 241 550 Domini
256 487 452 548 offerendum
466 485 620 546 accessuri
639 485 711 562 sint,
728 489 763 550 ut
777 489 864 566 patet
879 505 916 548 ex
934 487 1048 551 consti·

115 581 239 644 tutione
253 579 302 641 Eo
315 579 420 662 quiere,
438 585 497 641 ete.

158 677 210 737 Xl.
221 675 267 734 Ex
277 673 325 734 his
340 673 504 754 sequentia
518 671 673 754 principia
685 673 841 734 deducere
860 692 1027 754 possumus
1041 694 1047 736 :

100 822 101 825 ,
160 772 191 830 1ο
213 769 307 829 Amat
320 770 351 828 et
369 765 455 845 cupit
474 767 614 826 Ecclesia
630 766 808 827 caelibatum
829 767 969 828 omnium
992 768 1052 828 cle·

117 863 268 937 ricorum,
286 863 342 921 aut
356 878 431 921 vero
441 859 532 939 jubet
542 863 573 920 et
586 859 682 938 exigit
699 879 753 938 pro
774 860 935 923 ordinibus
953 860 1053 942 majo·

117 957 218 1031 ribuS,
242 953 358 1033 quippe
373 952 529 1014 nobiliora
544 952 665 1014 obtinet
685 953 881 1032 ministeria,
901 953 980 1016 etin
1005 953 1054 1015 his

118 1047 271 1111 clericalis
286 1050 385 1107 status
400 1047 615 1109 confirmatur.

160 1146 193 1202 2⁰
213 1140 270 1201 Hie
280 1139 441 1200 oaelihatns
455 1139 480 1199 si
496 1139 713 1201 consideratur
724 1139 756 1200 in
766 1139 876 1201 ordine
889 1141 930 1202 ad
948 1141 1056 1204 matri-

121 1234 264 1296 monium
278 1232 547 1310 contrahendum,
565 1233 641 1294 illud
656 1233 804 1312 prohibet
815 1236 881 1296 tam
897 1233 931 1295 in
950 1253 1057 1315 graeca

118 1327 255 1408 quamiu
272 1326 380 1387 latino.
404 1326 476 1388 Sive
493 1325 576 1385 enim
591 1325 712 1404 latinis,
730 1326 794 1387 sive
809 1329 920 1406 graeeis
936 1327 1056 1390 clericis

122 1421 297 1502 majoribus
310 1419 484 1480 ineundum
504 1420 740 1481 matrimonium
754 1421 961 1484 interdicitur.
984 1423 1058 1484 Sola

123 1515 193 1576 haec
202 1517 249 1575 est
257 1513 443 1590 differentia,
452 1513 537 1592 quod
548 1513 616 1574 haec
624 1513 793 1592 prohibitio
806 1515 845 1576 sit
852 1516 1057 1595 impedimen·

116 1613 192 1670 tum
217 1606 342 1667 irritans
369 1606 402 1666 in
429 1605 569 1666 Ecclesia
593 1607 802 1684 occidentali,
836 1609 868 1668 in
891 1628 954 1689 qua
980 1609 1057 1671 ordo

124 1720 216 1764 sacer
237 1699 498 1778 impedimentum
520 1699 680 1762 constituit
694 1703 759 1761 tam
783 1701 974 1782 impediens,
994 1706 1059 1764 tam

123 1794 274 1856 dirimens
283 1791 533 1865 matrimonium
547 1791 586 1852 de
594 1791 654 1853 hac
668 1795 774 1854 autem
783 1793 814 1856 vi
824 1793 959 1856 irritanti
973 1794 1059 1874 apud

126 1890 254 1950 Graecos
266 1885 437 1946 dubitatur.

166 1983 198 2042 3⁰
220 1980 252 2042 Si
267 1978 427 2040 caelihatus
440 1978 490 2039 hic
503 1977 721 2039 consideratur
735 1978 767 2037 in
782 1973 893 2039 ordine
909 1977 950 2039 ad
968 1995 1060 2040 usum

125 2073 329 2150 matrimonii,
338 2070 715 2151 eademestquamlatinae
729 2089 824 2150 quam
834 2071 1061 2150 3100001100Ιο-

126 2168 183 2230 siae
198 2166 361 2246 disciplina
381 2166 485 2246 quoad
503 2183 685 2244 supremum
696 2164 881 2226 hierarchiae
900 2163 1059 2244 gradum,
1140 2175 1150 2230 ᾗ

126 2279 242 2339 nempe
267 2259 493 2338 episcopatum.
520 2255 662 2320 Varietas
683 2261 788 2319 autem
806 2261 852 2320 001
873 2257 955 2319 eirea
970 2276 1062 2319 usum

125 2353 311 2432 nuptiarum
319 2352 521 2431 praesbyteris
531 2351 663 2430 aliisque
674 2350 846 2432 majoribus
861 2350 981 2412 clericis
994 2369 1062 2430 per·

124 2446 328 2508 mittendum.
346 2448 381 2506 ln
406 2445 546 2506 Ecclesia
561 2444 674 2522 latina,
693 2445 837 2506 omnihus
857 2445 977 2508 clericis
994 2464 1064 2506 ma-

122 2539 271 2622 joribus,
290 2538 488 2618 nuptiarum,
506 2537 601 2598 etiam
624 2541 696 2599 ante
718 2539 964 2615 celebratarum,
988 2557 1063 2598 usus

127 2631 258 2696 omnino
269 2632 482 2705 interdicitur;
494 2630 685 2710 permittitur
702 2635 807 2692 autem
816 2649 913 2708 penes
926 2633 1060 2706 Graecos,

128 2726 303 2789 dummodo
321 2726 361 2786 ab
381 2743 418 2786 eo
440 2725 618 2787 abstineant
635 2725 747 2786 saltem
759 2724 885 2804 quando
908 2724 948 2785 ad
971 2741 1063 2784 sacre

129 2818 285 2898 mysteria
299 2818 415 2880 debent
427 2818 588 2879 accedere.

482 2990 651 3054 rlruuUS
673 2991 711 3052 ll.
804 3025 806 3033 ,

435 3151 473 3199 DE
505 3154 598 3200 STATU
631 3153 760 3202 turcum.

170 3306 194 3370 Ι.
219 3307 325 3370 Status
334 3299 474 3380 laicalis,
490 3297 580 3363 sicuti
592 3304 640 3361 est
657 3301 806 3363 relativus
820 3296 912 3362 statui
929 3293 1064 3358 clericali

128 3405 243 3485 (status
254 3389 338 3460 enim
351 3395 503 3460 clericalis
513 3393 715 3473 magistratus
725 3394 809 3470 dicit,
826 3392 977 3471 populum
990 3409 1065 3451 vero

126 3493 273 3573 laicalis),
287 3492 411 3572 itajura
421 3494 452 3550 et
464 3488 568 3550 officie
582 3491 681 3548 status
691 3487 821 3562 laicalis,
831 3505 888 3564 per
898 3484 1067 3563 oppositio-

129 3609 205 3655 nem
217 3587 338 3670 jurium
347 3589 378 3648 ct
388 3583 562 3647 officiorum
579 3577 1067 3658 0101000101100110,1001101101οκ

187 3695 252 3744 rou.
272 3697 291 3742 1.
937 3675 968 3733 17
1064 3717 1066 3720 -
