2542 4122
327 379 366 428 nn
387 379 515 428 onnoro
535 379 619 428 roms
640 377 795 430 aaronica
967 369 1026 434 233

94 545 207 588 veram
226 529 257 588 et
276 525 401 605 proprie
422 525 539 588 dictam
556 524 808 606 jansdictionem
830 523 1029 606 gubernandi

94 619 290 700 regendique
311 618 483 697 diocoesffl,
508 619 567 680 nisi
586 619 618 679 in
638 621 790 700 quantum
804 637 902 680 unum
914 637 1027 700 corpus

94 713 217 774 morale
238 713 427 774 constituere
452 712 599 774 videntur
617 731 689 773 cum
715 712 855 791 praelato,
886 711 974 794 cnjus
1007 733 1027 776 a

95 805 235 868 consiliis
250 805 372 882 sedent,
389 808 505 866 etcum
522 823 583 884 quo
598 805 631 865 in
645 803 781 866 solidum
789 804 936 867 videntur
950 824 1030 868 rem-

95 899 258 978 publicam
276 898 507 958 administrare.
531 898 593 958 Sed
615 897 820 978 quoadusque
835 898 925 959 sedes
936 899 1031 978 plena

96 995 162 1069 est,
179 1009 243 1053 non
263 990 425 1070 potiuntur
442 989 566 1071 juribus
586 991 725 1070 corporis
739 989 956 1070 gubernativi,
974 991 1030 1053 sed

95 1083 281 1164 simpliciter
305 1081 521 1157 consultativ13
537 1086 611 1145 sunt
623 1102 737 1161 nempe
759 1101 873 1163 corpus
886 1083 1028 1146 consiliet-

96 1179 217 1239 riorum
231 1176 463 1238 ordinariorum
478 1176 612 1256 pastoris
627 1176 777 1238 ecclesiae.

139 1273 256 1332 Verum
265 1268 438 1332 notandum
451 1273 499 1330 est
513 1268 573 1330 hoo
594 1269 767 1346 consilium,
785 1269 845 1330 hoe
858 1273 967 1332 votum
978 1288 1031 1332 ca-

59 1418 62 1424 .
98 1361 189 1443 pituli
205 1381 273 1423 esse
292 1362 419 1423 maxImi
439 1362 591 1424 momenti
605 1362 635 1422 in
652 1363 863 1424 ecclesiastica
884 1363 1031 1425 adminis-

98 1455 244 1518 tratione.
268 1455 343 1517 Jure
365 1455 449 1516 enim
471 1455 628 1516 communi
656 1455 841 1534 prohibetur
864 1455 1030 1536 episcopus

100 1547 269 1628 quominus
296 1547 443 1627 expediat
469 1547 616 1626 graviora
640 1567 705 1609 suae
737 1549 876 1610 ecclcsiae
904 1550 1031 1628 negotia

99 1642 167 1702 sine
181 1641 308 1702 consilio
324 1645 378 1702 aut
390 1643 463 1702 voto
480 1640 607 1719 capituli
627 1642 676 1702 sui
695 1661 702 1702 :
724 1642 763 1703 de
788 1661 850 1722 quo
865 1643 973 1703 titulus
986 1639 1032 1702 De

99 1733 146 1794 Iris
163 1751 230 1815 qcoe
248 1733 326 1814 fiunt
338 1753 356 1792 a
365 1733 495 1813 proeloto
508 1733 570 1793 sice
584 1733 702 1794 consilto
716 1733 850 1814 capituli,
871 1735 903 1794 in
918 1736 1030 1796 Decre-

99 1827 215 1889 talibns
228 1826 372 1887 hahetur.
423 1823 424 1826 ’

140 1919 230 1982 Unde
255 1920 290 1980 fit
316 1917 415 1998 quod,
441 1918 515 1980 licet
540 1917 665 1979 vivente
689 1919 835 1997 episcopo
860 1918 1031 1998 capitulum

100 2031 163 2074 non
188 2011 343 2090 gubernet
373 2010 548 2088 ecclesiam,
573 2009 709 2070 maxime
738 2015 844 2072 tumen
870 2011 972 2071 influit
998 2011 1030 2070 in

98 2106 182 2166 itlius
214 2103 528 2180 administrationem,
554 2106 586 2164 et
618 2102 850 2182 quodammodo
875 2105 1031 2180 temperat

101 2198 278 2259 absolutam
290 2196 429 2275 episcopi
433 2195 696 2276 jurisdictionem.

141 2291 221 2352 XIII.
231 2288 276 2350 De
282 2288 404 2369 juribus
413 2288 539 2369 capituli
546 2287 610 2349 sede
620 2285 914 2367 vocante-Majora
925 2289 1032 2348 autem

101 2383 238 2462 capitulo
255 2382 446 2443 conveniunt
456 2381 540 2462 jura,
558 2379 766 2460 gravioraque
777 2379 881 2442 officia
895 2379 969 2440 sede
979 2397 1031 2440 va-

102 2473 1033 2554 eante;namnisialiquidspccialiterinjurecaveatur,totu

98 2568 276 2650 jurisdictio
298 2567 447 2646 episcopi,
462 2583 518 2627 seu
533 2569 600 2628 tota
611 2565 788 2646 jurisdictIo
808 2584 879 2645 quae
892 2565 1032 2626 adhaere-

100 2663 156 2724 hat
169 2661 235 2723 sedi
251 2661 422 2740 episcopali
439 2677 508 2740 quae
522 2659 652 2721 viduata
667 2662 724 2736 est,
744 2660 777 2718 in
793 2658 964 2736 capitulum
979 2656 1032 2717 de-

102 2755 249 2831 volvitur,
273 2757 308 2814 ut
334 2753 487 2814 hahemus
506 2752 539 2812 iu
552 2751 635 2832 jure,
661 2751 742 2812 titul.
769 2749 804 2812 de
818 2749 988 2831 moJorr'tote
1005 2756 1034 2810 et

101 2847 265 2909 obedimtic
274 2866 286 2906 :
299 2846 384 2925 quod
394 2845 522 2926 quidem
535 2845 621 2906 card.
640 2844 680 2906 de
692 2847 777 2905 Luca
787 2844 830 2924 (in
841 2842 951 2906 concil.
967 2843 1033 2905 'Iri-

103 2939 237 3020 dentin.)
255 2939 327 3021 jure
345 2938 578 3018 quodammodo
594 2955 657 2999 non
677 2938 870 3000 decrescenti
887 2937 1035 3016 opinatur

103 3051 241 3096 evenne.

142 3130 221 3188 Cum
236 3125 321 3186 enim
330 3123 513 3204 capitulum,
521 3123 646 3185 vivente
662 3123 808 3202 episcopo
821 3142 877 3186 seu
889 3124 1031 3203 praelato,

98 3219 167 3301 jam
176 3219 209 3278 in
224 3217 360 3280 solidum
370 3235 442 3278 cum
452 3217 599 3295 episeopo
611 3216 772 3278 ecclesiam
787 3215 1032 3294 administraret,

103 3312 252 3374 defuncto
269 3310 427 3390 episcopo,
452 3310 602 3389 -quasi
625 3313 745 3370 remoto
769 3309 950 3384 obstaculo,
972 3323 1034 3385 quo

101 3405 199 3466 fiebat
213 3423 252 3465 ne
263 3402 439 3484 jurisdictio
458 3405 525 3464 tota
539 3400 674 3481 capitulo
698 3400 876 3476 inhereret,
888 3431 929 3444 -
941 3399 974 3458 in
997 3415 1035 3460 eo

101 3493 1036 3573 universaconsolidatur.Undeeapitulumsedevacantepo-

101 3592 179 3662 titur
189 3587 540 3669 ordinariaetpustorali
550 3586 690 3671 episcopi
695 3581 924 3670 jurisdictione,
937 3601 1036 3666 eaque

191 3710 258 3756 rou.
274 3711 294 3758 ι.
898 3693 931 3750 Iu
