2518 4144
183 350 222 416 72
393 344 623 408 trsrnurrours
644 353 726 403 runis
749 344 901 403 cruentet

184 509 321 588 systema
334 520 501 585 poenarum
512 499 638 563 omnino
652 497 868 578 singularium,
884 515 998 578 nempe
1009 505 1119 577 poent-

183 619 254 663 rum
274 597 484 679 spiritualium.
501 596 598 656 Porro
621 592 661 652 de
682 591 738 668 iis,
764 595 916 671 tanquam
931 591 970 652 de
993 591 1119 672 objecto

179 693 260 775 juris
269 691 367 753 nostri
378 687 516 769 proprio,
531 685 670 747 breviter
685 683 878 764 loquendum
891 688 948 746 est.

223 789 265 848 Ut
275 785 371 864 igitur
385 781 493 862 paucis
501 779 751 840 demonstremus
765 780 921 838 texturam
935 777 1120 856 generalem

183 877 360 960 systematis
389 873 520 954 poenalis
544 870 715 947 aeclesis,
741 869 929 932 considerati
952 870 984 929 in
1008 870 1120 930 ordine

183 970 347 1051 spirituali,
357 967 495 1029 breviter
504 966 670 1044 loquemur
685 983 691 1024 :
707 966 737 1023 l⁰
747 963 960 1041 depoenarum
973 962 1121 1042 spiritua-

183 1065 260 1125 lium
281 1064 357 1135 flne3
375 1065 405 1121 2⁰
428 1059 467 1120 de
492 1077 601 1119 earum
622 1055 764 1136 object03
782 1059 812 1116 3⁰
833 1057 871 1116 de
893 1055 1047 1134 gradihus
1069 1056 1120 1117 vel

184 1169 286 1230 modis
303 1167 415 1247 quibus
428 1165 622 1244 infliguntur.

374 1318 384 1370 s
398 1321 414 1360 l.
428 1328 459 1358 aa
472 1308 602 1359 ronrunnn
615 1325 845 1357 nccnmrmrrcsnun
860 1325 924 1356 runa.

223 1441 274 1504 lll.
285 1445 363 1504 llum
376 1439 446 1500 finis
457 1437 674 1499 ecclesiasticae
686 1438 843 1500 societatis
853 1437 893 1498 sit
905 1437 975 1497 finis
986 1437 1119 1500 ultimus

185 1536 237 1617 qui
252 1553 315 1596 non
332 1537 454 1596 tantum
475 1531 620 1611 proprius
640 1535 687 1592 est
704 1531 800 1592 totius
815 1530 1043 1608 universitatisr,
1062 1532 1119 1591 sed

184 1628 279 1690 etiam
302 1627 508 1705 singulorum,
532 1624 672 1684 Ecclesia
692 1624 736 1684 ita
755 1623 884 1702 suscipit
903 1623 1119 1684 universitatis

184 1738 294 1782 curam
306 1723 453 1778 attamen
465 1722 496 1777 et
504 1716 700 1795 singulorum
708 1716 802 1777 etiam
810 1717 935 1777 habeat.
944 1717 1119 1794 Propterea

183 1812 254 1873 finis
288 1808 530 1888 infligendarum
564 1827 730 1887 poenarum
762 1809 793 1868 in
814 1809 955 1870 Ecclesia
982 1814 1120 1870 nonest

184 1907 306 1966 tantum
320 1903 439 1963 bonum
451 1919 627 1978 commune,
640 1902 1116 1980 nempebonumuniversitatis,

184 1996 361 2074 exemplum
370 1998 556 2056 caeterorum
566 1995 619 2074 qui
631 1995 739 2057 vident
757 1995 989 2075 delinquentem
1004 2013 1119 2074 poenas

183 2091 280 2167 luere,
296 2088 481 2166 sedetiam,
499 2091 534 2149 ut
553 2088 577 2148 si
593 2087 700 2166 possit,
713 2105 804 2148 reum
816 2089 962 2149 emendet
978 2089 1028 2149 vel
1044 2107 1118 2149 cor·

183 2184 209 2245 ri
233 2188 275 2246 at.
984 2227 986 2230 ·

129 2312 134 2320 -
211 2204 264 2338 gUt
285 2280 391 2337 autem
409 2273 589 2354 hujusmodi
608 2275 704 2334 finem
726 2274 875 2352 obtineat,
889 2273 984 2336 variis
1001 2273 1116 2334 mediis

182 2366 298 2440 utitur3
327 2367 421 2426 modo
447 2366 663 2445 graviorihuS,
687 2367 782 2429 modo
806 2367 984 2430 mitioribus
1010 2368 1116 2447 poenis

182 2459 399 2539 delinquentes
412 2459 508 2520 afficit
522 2479 578 2538 pro
593 2461 682 2521 varia
695 2460 799 2522 delicti
814 2461 979 2540 gravitate.
999 2461 1091 2522 Unde
1106 2482 1113 2522 ε

223 2555 253 2613 1⁰
271 2551 410 2612 Ecclesia
424 2551 480 2612 sihi
497 2554 644 2632 proponit
655 2553 881 2614 emendatiorem
895 2554 940 2614 rei
962 2556 993 2614 et
1009 2553 1117 2633 expia-

182 2644 288 2705 tionem
307 2643 423 2722 delicti,
441 2645 466 2704 si
477 2664 548 2705 eam
562 2649 665 2724 potest
677 2646 837 2725 obtinere;
860 2647 944 2726 quod
963 2652 1117 2725 procurat

181 2756 238 2816 per
256 2738 409 2817 quasdam
431 2739 516 2800 leves
531 2739 758 2818 castigationes
778 2739 890 2818 quibus
909 2759 982 2800 reus
1003 2740 1115 2801 dolore

180 2849 309 2891 suorum
337 2830 521 2890 delictorum
543 2836 646 2892 motus
666 2833 840 2893 voluntarie
868 2837 899 2894 et
921 2833 1057 2894 libenter
1080 2853 1115 2894 se

180 2922 305 3003 subjicit
315 2927 349 2982 ut
359 2922 604 3003 divinaajustitiaa
615 2925 918 3004 promeritisllhristi
927 2926 1110 2988 satisfaciat.

180 3014 365 3094 Hujusmodi
386 3015 624 3095 castigationes,
649 3017 775 3079 directae
795 3018 836 3078 ad
859 3019 1115 3080 emendationem

178 3108 235 3185 rei,
249 3109 289 3168 ad
304 3109 514 3187 expiationem
524 3111 640 3188 delicti,
654 3111 745 3172 dictae
762 3116 835 3174 sunt
844 3113 1039 3192 poeottmtr'oe.

218 3206 249 3262 2⁰
269 3202 397 3274 Quodsi
412 3221 484 3263 reus
498 3204 713 3282 poenitentiam
730 3205 875 3266 deflectat
892 3207 968 3267 etin
983 3225 1040 3268 suo
1054 3207 1114 3268 cri-

178 3296 262 3356 mine
272 3295 419 3374 pervicax
429 3297 655 3377 induratosque
666 3297 787 3375 existat,
798 3303 872 3360 tunc
881 3299 1031 3377 Ecclesia,
1040 3319 1113 3380 quae

178 3407 241 3449 non
256 3392 359 3467 potest
371 3389 487 3451 directe
502 3409 559 3468 per
573 3391 789 3468 poenitentiam
805 3391 945 3453 obtinere
961 3395 1114 3454 emenda·

178 3481 296 3540 tionem
314 3482 360 3541 rei
377 3483 428 3542 vel
447 3482 656 3560 expiationem
679 3484 794 3561 delicti,
819 3485 860 3545 ad
880 3486 956 3548 alias
976 3486 1113 3548 recurrit

178 3588 289 3654 poenas
309 3574 350 3637 ad
371 3573 431 3635 hoc
457 3577 493 3636 ut
518 3572 702 3660 delinquens
731 3578 938 3666 concutiatur,
964 3579 1112 3664 illiusque
