<?xml version="1.0" encoding="UTF-8"?>
<!DOCTYPE html PUBLIC "-//W3C//DTD XHTML 1.0 Transitional//EN"
    "http://www.w3.org/TR/xhtml1/DTD/xhtml1-transitional.dtd">
<html xmlns="http://www.w3.org/1999/xhtml" xml:lang="en" lang="en">
 <head>
  <title>
</title>
<meta http-equiv="Content-Type" content="text/html;charset=utf-8" />
  <meta name='ocr-system' content='tesseract 3.04.00' />
  <meta name='ocr-capabilities' content='ocr_page ocr_carea ocr_par ocr_line ocrx_word'/>
</head>
<body>
  <div class='ocr_page' id='page_1' title='image "./institutionesju03marigoog_0248.png"; bbox 0 0 2588 4124; ppageno 0'>
   <div class='ocr_carea' id='block_1_1' title="bbox 201 323 913 386">
    <p class='ocr_par' dir='ltr' id='par_1_1' title="bbox 201 323 913 386">
     <span class='ocr_line' id='line_1_1' title="bbox 201 323 913 386; baseline -0.006 0"><span class='ocrx_word' id='word_1_1' title='bbox 201 323 259 386; x_wconf 75' lang='lat' dir='ltr'>ulo</span> <span class='ocrx_word' id='word_1_2' title='bbox 410 335 636 384; x_wconf 82' lang='lat' dir='ltr'>nsrnononns</span> <span class='ocrx_word' id='word_1_3' title='bbox 655 335 738 383; x_wconf 76' lang='lat' dir='ltr'>runs</span> <span class='ocrx_word' id='word_1_4' title='bbox 760 333 913 383; x_wconf 82' lang='grc' dir='ltr'>ιιιιιιιιιι.</span> 
     </span>
    </p>
   </div>
   <div class='ocr_carea' id='block_1_2' title="bbox 134 480 1201 3623">
    <p class='ocr_par' dir='ltr' id='par_1_2' title="bbox 202 480 1201 652">
     <span class='ocr_line' id='line_1_2' title="bbox 202 480 1201 545; baseline 0.002 -2"><span class='ocrx_word' id='word_1_5' title='bbox 202 482 344 544; x_wconf 88' lang='lat' dir='ltr'>stitutum</span> <span class='ocrx_word' id='word_1_6' title='bbox 354 480 506 542; x_wconf 76' lang='lat' dir='ltr'>universa</span> <span class='ocrx_word' id='word_1_7' title='bbox 515 480 793 544; x_wconf 87' lang='lat' dir='ltr'>administrationis</span> <span class='ocrx_word' id='word_1_8' title='bbox 801 481 1021 542; x_wconf 81' lang='lat' dir='ltr'>ecclesiasticae</span> <span class='ocrx_word' id='word_1_9' title='bbox 1032 482 1134 545; x_wconf 89' lang='lat' dir='ltr'>natio·</span> <span class='ocrx_word' id='word_1_10' title='bbox 1195 481 1201 490; x_wconf 83' lang='lat'>&#39;</span> 
     </span>
     <span class='ocr_line' id='line_1_3' title="bbox 203 573 885 652; baseline -0.001 -17"><span class='ocrx_word' id='word_1_11' title='bbox 203 574 261 652; x_wconf 91' lang='lat' dir='ltr'>nis,</span> <span class='ocrx_word' id='word_1_12' title='bbox 276 573 424 652; x_wconf 79' lang='lat' dir='ltr'>regnivel</span> <span class='ocrx_word' id='word_1_13' title='bbox 439 573 607 652; x_wconf 76' lang='lat' dir='ltr'>provincia</span> <span class='ocrx_word' id='word_1_14' title='bbox 617 574 812 652; x_wconf 87' lang='lat' dir='ltr'>propositum</span> <span class='ocrx_word' id='word_1_15' title='bbox 829 577 885 635; x_wconf 89' lang='lat' dir='ltr'>est.</span> 
     </span>
    </p>

    <p class='ocr_par' dir='ltr' id='par_1_3' title="bbox 203 666 1137 934">
     <span class='ocr_line' id='line_1_4' title="bbox 243 666 1137 746; baseline 0 -16"><span class='ocrx_word' id='word_1_16' title='bbox 243 667 332 730; x_wconf 85' lang='lat' dir='ltr'><strong>Unde</strong></span> <span class='ocrx_word' id='word_1_17' title='bbox 346 667 437 745; x_wconf 90' lang='lat' dir='ltr'>plura</span> <span class='ocrx_word' id='word_1_18' title='bbox 452 670 621 744; x_wconf 86' lang='lat' dir='ltr'>assurgunt</span> <span class='ocrx_word' id='word_1_19' title='bbox 634 666 765 744; x_wconf 90' lang='lat' dir='ltr'>collegia</span> <span class='ocrx_word' id='word_1_20' title='bbox 787 667 905 727; x_wconf 85' lang='lat' dir='ltr'>ordinis</span> <span class='ocrx_word' id='word_1_21' title='bbox 921 668 1091 746; x_wconf 87' lang='lat' dir='ltr'>pastoralis</span> <span class='ocrx_word' id='word_1_22' title='bbox 1105 674 1137 731; x_wconf 87' lang='lat' dir='ltr'>et</span> 
     </span>
     <span class='ocr_line' id='line_1_5' title="bbox 203 758 1137 840; baseline 0 -18"><span class='ocrx_word' id='word_1_23' title='bbox 203 759 370 840; x_wconf 90' lang='lat' dir='ltr'>legislativi</span> <span class='ocrx_word' id='word_1_24' title='bbox 390 777 460 838; x_wconf 80' lang='lat' dir='ltr'>quae</span> <span class='ocrx_word' id='word_1_25' title='bbox 480 758 533 838; x_wconf 89' lang='lat' dir='ltr'>jus</span> <span class='ocrx_word' id='word_1_26' title='bbox 547 758 655 820; x_wconf 92' lang='lat' dir='ltr'>dicunt</span> <span class='ocrx_word' id='word_1_27' title='bbox 680 759 712 818; x_wconf 94' lang='lat' dir='ltr'>in</span> <span class='ocrx_word' id='word_1_28' title='bbox 735 759 885 835; x_wconf 74' lang='lat' dir='ltr'>Ecclesia,</span> <span class='ocrx_word' id='word_1_29' title='bbox 909 778 980 838; x_wconf 87' lang='lat' dir='ltr'>quae</span> <span class='ocrx_word' id='word_1_30' title='bbox 1001 761 1042 820; x_wconf 93' lang='lat' dir='ltr'>ad</span> <span class='ocrx_word' id='word_1_31' title='bbox 1071 766 1137 822; x_wconf 86' lang='lat' dir='ltr'>tres</span> 
     </span>
     <span class='ocr_line' id='line_1_6' title="bbox 206 851 629 934; baseline -0.005 -20"><span class='ocrx_word' id='word_1_32' title='bbox 206 851 322 934; x_wconf 89' lang='lat' dir='ltr'>gradus</span> <span class='ocrx_word' id='word_1_33' title='bbox 337 855 467 930; x_wconf 84' lang='lat' dir='ltr'><strong>possunt</strong></span> <span class='ocrx_word' id='word_1_34' title='bbox 478 851 629 912; x_wconf 85' lang='lat' dir='ltr'>revocari.</span> 
     </span>
    </p>

    <p class='ocr_par' dir='ltr' id='par_1_4' title="bbox 206 944 1187 1585">
     <span class='ocr_line' id='line_1_7' title="bbox 245 944 1138 1023; baseline 0.003 -17"><span class='ocrx_word' id='word_1_35' title='bbox 245 947 297 1006; x_wconf 92' lang='lat' dir='ltr'>lll.</span> <span class='ocrx_word' id='word_1_36' title='bbox 320 944 456 1004; x_wconf 82' lang='lat' dir='ltr'>Primum</span> <span class='ocrx_word' id='word_1_37' title='bbox 471 944 502 1004; x_wconf 93' lang='lat' dir='ltr'>in</span> <span class='ocrx_word' id='word_1_38' title='bbox 518 945 576 1005; x_wconf 88' lang='lat' dir='ltr'>hac</span> <span class='ocrx_word' id='word_1_39' title='bbox 589 944 746 1023; x_wconf 77' lang='lat' dir='ltr'>categoria</span> <span class='ocrx_word' id='word_1_40' title='bbox 758 944 893 1023; x_wconf 89' lang='lat' dir='ltr'>gradum</span> <span class='ocrx_word' id='word_1_41' title='bbox 906 945 1026 1008; x_wconf 88' lang='lat' dir='ltr'>obtinet</span> <span class='ocrx_word' id='word_1_42' title='bbox 1040 949 1138 1009; x_wconf 90' lang='lat' dir='ltr'>colle-</span> 
     </span>
     <span class='ocr_line' id='line_1_8' title="bbox 206 1029 1187 1119; baseline 0 -19"><span class='ocrx_word' id='word_1_43' title='bbox 206 1039 292 1119; x_wconf 88' lang='lat' dir='ltr'>gium</span> <span class='ocrx_word' id='word_1_44' title='bbox 303 1037 520 1116; x_wconf 86' lang='lat' dir='ltr'>episcoporum</span> <span class='ocrx_word' id='word_1_45' title='bbox 533 1037 591 1098; x_wconf 90' lang='lat' dir='ltr'>sub</span> <span class='ocrx_word' id='word_1_46' title='bbox 604 1040 743 1098; x_wconf 90' lang='lat' dir='ltr'>Romano</span> <span class='ocrx_word' id='word_1_47' title='bbox 756 1037 905 1098; x_wconf 89' lang='lat' dir='ltr'>Pontifice</span> <span class='ocrx_word' id='word_1_48' title='bbox 919 1038 1135 1102; x_wconf 87' lang='lat' dir='ltr'>constitutum</span> <span class='ocrx_word' id='word_1_49' title='bbox 1179 1029 1187 1042; x_wconf 83' lang='lat'>&#39;</span> 
     </span>
     <span class='ocr_line' id='line_1_9' title="bbox 207 1130 1140 1209; baseline -0.001 -15"><span class='ocrx_word' id='word_1_50' title='bbox 207 1136 273 1194; x_wconf 91' lang='lat' dir='ltr'>lloo</span> <span class='ocrx_word' id='word_1_51' title='bbox 301 1130 385 1192; x_wconf 91' lang='lat' dir='ltr'>enim</span> <span class='ocrx_word' id='word_1_52' title='bbox 410 1130 554 1191; x_wconf 86' lang='lat' dir='ltr'>eamdem</span> <span class='ocrx_word' id='word_1_53' title='bbox 583 1133 668 1190; x_wconf 88' lang='lat' dir='ltr'>tenet</span> <span class='ocrx_word' id='word_1_54' title='bbox 688 1130 880 1191; x_wconf 82' lang='lat' dir='ltr'>auctoritatis</span> <span class='ocrx_word' id='word_1_55' title='bbox 908 1131 1006 1209; x_wconf 91' lang='lat' dir='ltr'>plenit</span> <span class='ocrx_word' id='word_1_56' title='bbox 1007 1133 1140 1194; x_wconf 83' lang='lat' dir='ltr'>udinem</span> 
     </span>
     <span class='ocr_line' id='line_1_10' title="bbox 209 1223 1141 1326; baseline -0.001 -40"><span class='ocrx_word' id='word_1_57' title='bbox 209 1244 303 1326; x_wconf 87' lang='lat' dir='ltr'>quam</span> <span class='ocrx_word' id='word_1_58' title='bbox 324 1225 407 1285; x_wconf 88' lang='lat' dir='ltr'>solus</span> <span class='ocrx_word' id='word_1_59' title='bbox 428 1227 587 1284; x_wconf 87' lang='lat' dir='ltr'>Romanus</span> <span class='ocrx_word' id='word_1_60' title='bbox 609 1223 750 1284; x_wconf 85' lang='lat' dir='ltr'>Pontifex</span> <span class='ocrx_word' id='word_1_61' title='bbox 769 1223 880 1300; x_wconf 85' lang='lat' dir='ltr'>habet,</span> <span class='ocrx_word' id='word_1_62' title='bbox 906 1224 932 1284; x_wconf 90' lang='lat' dir='ltr'>si</span> <span class='ocrx_word' id='word_1_63' title='bbox 957 1225 1141 1286; x_wconf 85' lang='lat' dir='ltr'>considera-</span> 
     </span>
     <span class='ocr_line' id='line_1_11' title="bbox 208 1297 1141 1394; baseline 0 -15"><span class='ocrx_word' id='word_1_64' title='bbox 208 1297 260 1380; x_wconf 76' lang='lat' dir='ltr'>tu&#39;r</span> <span class='ocrx_word' id='word_1_65' title='bbox 208 1317 449 1380; x_wconf 88' lang='lat' dir='ltr'>thierarchia</span> <span class='ocrx_word' id='word_1_66' title='bbox 466 1315 571 1394; x_wconf 92' lang='lat' dir='ltr'>quoad</span> <span class='ocrx_word' id='word_1_67' title='bbox 585 1315 723 1393; x_wconf 89' lang='lat' dir='ltr'>singulos</span> <span class='ocrx_word' id='word_1_68' title='bbox 742 1315 880 1376; x_wconf 77' lang='lat' dir='ltr'>clericos</span> <span class='ocrx_word' id='word_1_69' title='bbox 900 1319 1074 1394; x_wconf 82' lang='lat' dir='ltr'>Propterea</span> <span class='ocrx_word' id='word_1_70' title='bbox 1088 1318 1141 1379; x_wconf 87' lang='lat' dir='ltr'>hic</span> 
     </span>
     <span class='ocr_line' id='line_1_12' title="bbox 209 1407 1144 1491; baseline 0.001 -21"><span class='ocrx_word' id='word_1_71' title='bbox 209 1410 326 1491; x_wconf 88' lang='lat' dir='ltr'>gradus</span> <span class='ocrx_word' id='word_1_72' title='bbox 343 1407 547 1484; x_wconf 83' lang='lat' dir='ltr'>auctoritatis,</span> <span class='ocrx_word' id='word_1_73' title='bbox 567 1407 598 1468; x_wconf 96' lang='lat' dir='ltr'>in</span> <span class='ocrx_word' id='word_1_74' title='bbox 617 1407 726 1468; x_wconf 89' lang='lat' dir='ltr'>ordine</span> <span class='ocrx_word' id='word_1_75' title='bbox 741 1408 955 1486; x_wconf 87' lang='lat' dir='ltr'>collegiorum,</span> <span class='ocrx_word' id='word_1_76' title='bbox 969 1411 1144 1489; x_wconf 86' lang='lat' dir='ltr'>respondet</span> 
     </span>
     <span class='ocr_line' id='line_1_13' title="bbox 210 1500 1140 1585; baseline 0 -21"><span class='ocrx_word' id='word_1_77' title='bbox 210 1505 286 1585; x_wconf 92' lang='lat' dir='ltr'>pont</span> <span class='ocrx_word' id='word_1_78' title='bbox 273 1501 402 1563; x_wconf 85' lang='lat' dir='ltr'>tificatui</span> <span class='ocrx_word' id='word_1_79' title='bbox 415 1500 561 1577; x_wconf 89' lang='lat' dir='ltr'>maximo,</span> <span class='ocrx_word' id='word_1_80' title='bbox 576 1500 606 1559; x_wconf 92' lang='lat' dir='ltr'>in</span> <span class='ocrx_word' id='word_1_81' title='bbox 617 1500 810 1578; x_wconf 88' lang='lat' dir='ltr'>singulorum</span> <span class='ocrx_word' id='word_1_82' title='bbox 820 1501 1005 1562; x_wconf 88' lang='lat' dir='ltr'>clericorum</span> <span class='ocrx_word' id='word_1_83' title='bbox 1016 1503 1140 1564; x_wconf 89' lang='lat' dir='ltr'>ordine.</span> 
     </span>
    </p>

    <p class='ocr_par' dir='ltr' id='par_1_5' title="bbox 210 1591 1147 2682">
     <span class='ocr_line' id='line_1_14' title="bbox 249 1591 1143 1674; baseline 0 -19"><span class='ocrx_word' id='word_1_84' title='bbox 249 1592 426 1671; x_wconf 78' lang='lat' dir='ltr'>Secundam,</span> <span class='ocrx_word' id='word_1_85' title='bbox 449 1612 504 1654; x_wconf 92' lang='lat' dir='ltr'>seu</span> <span class='ocrx_word' id='word_1_86' title='bbox 517 1591 748 1669; x_wconf 88' lang='lat' dir='ltr'>intermedium,</span> <span class='ocrx_word' id='word_1_87' title='bbox 763 1596 870 1654; x_wconf 89' lang='lat' dir='ltr'>tenent</span> <span class='ocrx_word' id='word_1_88' title='bbox 890 1595 995 1654; x_wconf 89' lang='lat' dir='ltr'>locum</span> <span class='ocrx_word' id='word_1_89' title='bbox 1007 1596 1143 1674; x_wconf 87' lang='lat' dir='ltr'>collegia</span> 
     </span>
     <span class='ocr_line' id='line_1_15' title="bbox 210 1684 1143 1767; baseline -0.001 -18"><span class='ocrx_word' id='word_1_90' title='bbox 210 1688 260 1749; x_wconf 87' lang='lat' dir='ltr'>vel</span> <span class='ocrx_word' id='word_1_91' title='bbox 274 1686 415 1748; x_wconf 90' lang='lat' dir='ltr'>omnium</span> <span class='ocrx_word' id='word_1_92' title='bbox 430 1685 648 1764; x_wconf 88' lang='lat' dir='ltr'>episcoporum</span> <span class='ocrx_word' id='word_1_93' title='bbox 668 1684 801 1746; x_wconf 89' lang='lat' dir='ltr'>nationis</span> <span class='ocrx_word' id='word_1_94' title='bbox 821 1689 875 1746; x_wconf 91' lang='lat' dir='ltr'>aut</span> <span class='ocrx_word' id='word_1_95' title='bbox 895 1687 983 1765; x_wconf 89' lang='lat' dir='ltr'>regni</span> <span class='ocrx_word' id='word_1_96' title='bbox 1004 1689 1064 1748; x_wconf 83' lang='lat' dir='ltr'>suh</span> <span class='ocrx_word' id='word_1_97' title='bbox 1089 1707 1143 1767; x_wconf 89' lang='lat' dir='ltr'>pa-</span> 
     </span>
     <span class='ocr_line' id='line_1_16' title="bbox 210 1777 1145 1859; baseline -0.003 -15"><span class='ocrx_word' id='word_1_98' title='bbox 210 1779 348 1844; x_wconf 86' lang='lat' dir='ltr'>triareha</span> <span class='ocrx_word' id='word_1_99' title='bbox 356 1779 406 1840; x_wconf 84' lang='lat' dir='ltr'>vel</span> <span class='ocrx_word' id='word_1_100' title='bbox 421 1778 566 1857; x_wconf 87' lang='lat' dir='ltr'>primate,</span> <span class='ocrx_word' id='word_1_101' title='bbox 581 1797 636 1839; x_wconf 90' lang='lat' dir='ltr'>seu</span> <span class='ocrx_word' id='word_1_102' title='bbox 646 1777 812 1857; x_wconf 85' lang='lat' dir='ltr'>collegium</span> <span class='ocrx_word' id='word_1_103' title='bbox 822 1779 963 1840; x_wconf 90' lang='lat' dir='ltr'>omnium</span> <span class='ocrx_word' id='word_1_104' title='bbox 978 1779 1145 1859; x_wconf 86' lang='lat' dir='ltr'>episcopo-</span> 
     </span>
     <span class='ocr_line' id='line_1_17' title="bbox 212 1870 1146 1952; baseline -0.002 -16"><span class='ocrx_word' id='word_1_105' title='bbox 212 1893 283 1936; x_wconf 89' lang='lat' dir='ltr'>rum</span> <span class='ocrx_word' id='word_1_106' title='bbox 302 1870 611 1950; x_wconf 83' lang='lat' dir='ltr'>comprovincialium</span> <span class='ocrx_word' id='word_1_107' title='bbox 625 1871 683 1931; x_wconf 90' lang='lat' dir='ltr'>snb</span> <span class='ocrx_word' id='word_1_108' title='bbox 695 1871 894 1950; x_wconf 87' lang='lat' dir='ltr'>metropolita</span> <span class='ocrx_word' id='word_1_109' title='bbox 907 1891 975 1950; x_wconf 90' lang='lat' dir='ltr'>suo,</span> <span class='ocrx_word' id='word_1_110' title='bbox 986 1873 1146 1952; x_wconf 90' lang='lat' dir='ltr'>siquidem</span> 
     </span>
     <span class='ocr_line' id='line_1_18' title="bbox 214 1963 1147 2045; baseline 0 -17"><span class='ocrx_word' id='word_1_111' title='bbox 214 1966 383 2028; x_wconf 86' lang='lat' dir='ltr'>auctoritas</span> <span class='ocrx_word' id='word_1_112' title='bbox 404 1965 489 2026; x_wconf 92' lang='lat' dir='ltr'>hisce</span> <span class='ocrx_word' id='word_1_113' title='bbox 517 1967 697 2043; x_wconf 91' lang='lat' dir='ltr'>competens</span> <span class='ocrx_word' id='word_1_114' title='bbox 714 1963 852 2043; x_wconf 81' lang='lat' dir='ltr'>collegiis</span> <span class='ocrx_word' id='word_1_115' title='bbox 871 1983 928 2026; x_wconf 90' lang='lat' dir='ltr'>neo</span> <span class='ocrx_word' id='word_1_116' title='bbox 952 1966 1032 2027; x_wconf 90' lang='lat' dir='ltr'>adeo</span> <span class='ocrx_word' id='word_1_117' title='bbox 1058 1971 1147 2045; x_wconf 89' lang='lat' dir='ltr'>patet</span> 
     </span>
     <span class='ocr_line' id='line_1_19' title="bbox 215 2057 1144 2140; baseline -0.004 -18"><span class='ocrx_word' id='word_1_118' title='bbox 215 2062 438 2140; x_wconf 79' lang='lat' dir='ltr'>erumpente,</span> <span class='ocrx_word' id='word_1_119' title='bbox 456 2061 490 2120; x_wconf 92' lang='lat' dir='ltr'>ut</span> <span class='ocrx_word' id='word_1_120' title='bbox 505 2058 544 2118; x_wconf 91' lang='lat' dir='ltr'>ad</span> <span class='ocrx_word' id='word_1_121' title='bbox 559 2058 738 2118; x_wconf 87' lang='lat' dir='ltr'>universam</span> <span class='ocrx_word' id='word_1_122' title='bbox 753 2057 939 2118; x_wconf 85' lang='lat' dir='ltr'>extendatur</span> <span class='ocrx_word' id='word_1_123' title='bbox 953 2058 1144 2136; x_wconf 78' lang='lat' dir='ltr'>Ecclesiam,</span> 
     </span>
     <span class='ocr_line' id='line_1_20' title="bbox 215 2150 1146 2227; baseline -0.005 -10"><span class='ocrx_word' id='word_1_124' title='bbox 215 2175 272 2217; x_wconf 90' lang='lat' dir='ltr'>nec</span> <span class='ocrx_word' id='word_1_125' title='bbox 296 2155 374 2215; x_wconf 93' lang='lat' dir='ltr'>adeo</span> <span class='ocrx_word' id='word_1_126' title='bbox 397 2155 572 2214; x_wconf 88' lang='lat' dir='ltr'>coarctatur</span> <span class='ocrx_word' id='word_1_127' title='bbox 586 2169 624 2210; x_wconf 86' lang='lat' dir='ltr'>ex</span> <span class='ocrx_word' id='word_1_128' title='bbox 643 2151 751 2227; x_wconf 87' lang='lat' dir='ltr'>altera,</span> <span class='ocrx_word' id='word_1_129' title='bbox 773 2157 809 2211; x_wconf 87' lang='lat' dir='ltr'>ut</span> <span class='ocrx_word' id='word_1_130' title='bbox 821 2150 903 2211; x_wconf 89' lang='lat' dir='ltr'>intra</span> <span class='ocrx_word' id='word_1_131' title='bbox 919 2151 1035 2213; x_wconf 88' lang='lat' dir='ltr'>limites</span> <span class='ocrx_word' id='word_1_132' title='bbox 1051 2153 1146 2212; x_wconf 91' lang='lat' dir='ltr'>unius</span> 
     </span>
     <span class='ocr_line' id='line_1_21' title="bbox 214 2243 1147 2324; baseline -0.003 -15"><span class='ocrx_word' id='word_1_133' title='bbox 214 2248 385 2310; x_wconf 85' lang='lat' dir='ltr'>dioeoeseos</span> <span class='ocrx_word' id='word_1_134' title='bbox 400 2245 605 2307; x_wconf 88' lang='lat' dir='ltr'>contineatur.</span> <span class='ocrx_word' id='word_1_135' title='bbox 628 2243 812 2305; x_wconf 81' lang='lat' dir='ltr'>Extenditur</span> <span class='ocrx_word' id='word_1_136' title='bbox 824 2263 936 2322; x_wconf 86' lang='lat' dir='ltr'>nempe</span> <span class='ocrx_word' id='word_1_137' title='bbox 951 2244 992 2304; x_wconf 93' lang='lat' dir='ltr'>ad</span> <span class='ocrx_word' id='word_1_138' title='bbox 1015 2244 1147 2324; x_wconf 88' lang='lat' dir='ltr'>negotia</span> 
     </span>
     <span class='ocr_line' id='line_1_22' title="bbox 215 2335 1146 2416; baseline -0.004 -14"><span class='ocrx_word' id='word_1_139' title='bbox 215 2340 424 2402; x_wconf 89' lang='lat' dir='ltr'>ecclesiastica</span> <span class='ocrx_word' id='word_1_140' title='bbox 436 2338 530 2400; x_wconf 91' lang='lat' dir='ltr'>ttius</span> <span class='ocrx_word' id='word_1_141' title='bbox 540 2336 685 2414; x_wconf 89' lang='lat' dir='ltr'>nationis,</span> <span class='ocrx_word' id='word_1_142' title='bbox 698 2336 786 2416; x_wconf 89' lang='lat' dir='ltr'>regni</span> <span class='ocrx_word' id='word_1_143' title='bbox 800 2337 851 2396; x_wconf 91' lang='lat' dir='ltr'>vel</span> <span class='ocrx_word' id='word_1_144' title='bbox 861 2335 1042 2415; x_wconf 86' lang='lat' dir='ltr'>provineiae,</span> <span class='ocrx_word' id='word_1_145' title='bbox 1058 2337 1146 2398; x_wconf 89' lang='lat' dir='ltr'>ideo·</span> 
     </span>
     <span class='ocr_line' id='line_1_23' title="bbox 216 2429 1147 2512; baseline -0.003 -19"><span class='ocrx_word' id='word_1_146' title='bbox 216 2451 277 2512; x_wconf 90' lang='lat' dir='ltr'>que</span> <span class='ocrx_word' id='word_1_147' title='bbox 300 2430 489 2508; x_wconf 89' lang='lat' dir='ltr'>respondet</span> <span class='ocrx_word' id='word_1_148' title='bbox 481 2449 513 2489; x_wconf 85' lang='grc' dir='ltr'>ιιι</span> <span class='ocrx_word' id='word_1_149' title='bbox 536 2429 645 2490; x_wconf 88' lang='lat' dir='ltr'>ordine</span> <span class='ocrx_word' id='word_1_150' title='bbox 664 2429 867 2507; x_wconf 86' lang='lat' dir='ltr'>collegiorum</span> <span class='ocrx_word' id='word_1_151' title='bbox 891 2429 936 2489; x_wconf 94' lang='lat' dir='ltr'>illi</span> <span class='ocrx_word' id='word_1_152' title='bbox 950 2430 1147 2490; x_wconf 82' lang='lat' dir='ltr'>auctoritatis</span> 
     </span>
     <span class='ocr_line' id='line_1_24' title="bbox 215 2521 1148 2652; baseline -0.002 -66"><span class='ocrx_word' id='word_1_153' title='bbox 215 2523 328 2606; x_wconf 89' lang='lat' dir='ltr'>gradui</span> <span class='ocrx_word' id='word_1_154' title='bbox 345 2541 437 2604; x_wconf 89' lang='lat' dir='ltr'>quem</span> <span class='ocrx_word' id='word_1_155' title='bbox 454 2521 486 2582; x_wconf 95' lang='lat' dir='ltr'>in</span> <span class='ocrx_word' id='word_1_156' title='bbox 504 2521 613 2583; x_wconf 88' lang='lat' dir='ltr'>ordine</span> <span class='ocrx_word' id='word_1_157' title='bbox 632 2522 783 2601; x_wconf 76' lang='lat' dir='ltr'>singulari</span> <span class='ocrx_word' id='word_1_158' title='bbox 797 2521 914 2583; x_wconf 78' lang='lat' dir='ltr'>hahent</span> <span class='ocrx_word' id='word_1_159' title='bbox 900 2521 1022 2652; x_wconf 86' lang='lat' dir='ltr'>tlegati</span> <span class='ocrx_word' id='word_1_160' title='bbox 1041 2523 1148 2600; x_wconf 90' lang='lat' dir='ltr'>ponti-</span> 
     </span>
     <span class='ocr_line' id='line_1_25' title="bbox 215 2619 288 2682; baseline -0.032 0"><span class='ocrx_word' id='word_1_161' title='bbox 215 2619 288 2682; x_wconf 86' lang='lat' dir='ltr'>licii.</span> 
     </span>
    </p>

    <p class='ocr_par' dir='ltr' id='par_1_6' title="bbox 216 2707 1149 3253">
     <span class='ocr_line' id='line_1_26' title="bbox 258 2707 1147 2787; baseline -0.005 -13"><span class='ocrx_word' id='word_1_162' title='bbox 258 2713 433 2774; x_wconf 79' lang='lat' dir='ltr'>Tertinmet</span> <span class='ocrx_word' id='word_1_163' title='bbox 419 2710 499 2772; x_wconf 92' lang='lat' dir='ltr'>ttul</span> <span class='ocrx_word' id='word_1_164' title='bbox 478 2715 590 2772; x_wconf 84' lang='lat' dir='ltr'>timum</span> <span class='ocrx_word' id='word_1_165' title='bbox 606 2711 692 2769; x_wconf 89' lang='lat' dir='ltr'>tenet</span> <span class='ocrx_word' id='word_1_166' title='bbox 710 2707 814 2768; x_wconf 86' lang='lat' dir='ltr'>locum</span> <span class='ocrx_word' id='word_1_167' title='bbox 828 2707 993 2787; x_wconf 81' lang='lat' dir='ltr'>collegium</span> <span class='ocrx_word' id='word_1_168' title='bbox 1018 2708 1147 2770; x_wconf 89' lang='lat' dir='ltr'>clerico-</span> 
     </span>
     <span class='ocr_line' id='line_1_27' title="bbox 216 2801 1149 2879; baseline -0.005 -12"><span class='ocrx_word' id='word_1_169' title='bbox 216 2823 287 2867; x_wconf 86' lang='lat' dir='ltr'>rum</span> <span class='ocrx_word' id='word_1_170' title='bbox 302 2805 552 2866; x_wconf 83' lang='lat' dir='ltr'>dioecesanorum</span> <span class='ocrx_word' id='word_1_171' title='bbox 565 2801 623 2862; x_wconf 89' lang='lat' dir='ltr'>sub</span> <span class='ocrx_word' id='word_1_172' title='bbox 636 2801 781 2879; x_wconf 88' lang='lat' dir='ltr'>episcopo</span> <span class='ocrx_word' id='word_1_173' title='bbox 795 2819 861 2862; x_wconf 90' lang='lat' dir='ltr'>suo.</span> <span class='ocrx_word' id='word_1_174' title='bbox 879 2801 964 2860; x_wconf 89' lang='lat' dir='ltr'>lllius</span> <span class='ocrx_word' id='word_1_175' title='bbox 974 2801 1059 2862; x_wconf 88' lang='lat' dir='ltr'>enim</span> <span class='ocrx_word' id='word_1_176' title='bbox 1072 2821 1149 2862; x_wconf 88' lang='lat' dir='ltr'>auc-</span> 
     </span>
     <span class='ocr_line' id='line_1_28' title="bbox 217 2893 1148 2975; baseline -0.008 -14"><span class='ocrx_word' id='word_1_177' title='bbox 217 2896 350 2961; x_wconf 83' lang='lat' dir='ltr'>toritatis</span> <span class='ocrx_word' id='word_1_178' title='bbox 364 2914 434 2975; x_wconf 80' lang='lat' dir='ltr'>quae</span> <span class='ocrx_word' id='word_1_179' title='bbox 455 2896 528 2957; x_wconf 91' lang='lat' dir='ltr'>data</span> <span class='ocrx_word' id='word_1_180' title='bbox 545 2895 641 2955; x_wconf 87' lang='lat' dir='ltr'>estab</span> <span class='ocrx_word' id='word_1_181' title='bbox 661 2893 807 2972; x_wconf 90' lang='lat' dir='ltr'>episcopo</span> <span class='ocrx_word' id='word_1_182' title='bbox 828 2893 1017 2972; x_wconf 84' lang='lat' dir='ltr'>dioecesano,</span> <span class='ocrx_word' id='word_1_183' title='bbox 1031 2893 1148 2955; x_wconf 88' lang='lat' dir='ltr'>limites</span> 
     </span>
     <span class='ocr_line' id='line_1_29' title="bbox 218 2985 1149 3069; baseline -0.008 -16"><span class='ocrx_word' id='word_1_184' title='bbox 218 3009 280 3053; x_wconf 95' lang='lat' dir='ltr'>non</span> <span class='ocrx_word' id='word_1_185' title='bbox 290 2987 555 3069; x_wconf 86' lang='lat' dir='ltr'>praetergreditnr.</span> <span class='ocrx_word' id='word_1_186' title='bbox 573 2987 662 3049; x_wconf 90' lang='lat' dir='ltr'>Unde</span> <span class='ocrx_word' id='word_1_187' title='bbox 676 2987 708 3046; x_wconf 93' lang='lat' dir='ltr'>in</span> <span class='ocrx_word' id='word_1_188' title='bbox 723 2985 832 3046; x_wconf 90' lang='lat' dir='ltr'>ordine</span> <span class='ocrx_word' id='word_1_189' title='bbox 848 2985 1000 3066; x_wconf 91' lang='lat' dir='ltr'>collegiali</span> <span class='ocrx_word' id='word_1_190' title='bbox 1015 3005 1149 3064; x_wconf 90' lang='lat' dir='ltr'>respon·-</span> 
     </span>
     <span class='ocr_line' id='line_1_30' title="bbox 218 3077 1147 3161; baseline -0.005 -16"><span class='ocrx_word' id='word_1_191' title='bbox 218 3085 272 3146; x_wconf 92' lang='lat' dir='ltr'>det</span> <span class='ocrx_word' id='word_1_192' title='bbox 296 3080 341 3142; x_wconf 92' lang='lat' dir='ltr'>illi</span> <span class='ocrx_word' id='word_1_193' title='bbox 363 3081 474 3161; x_wconf 86' lang='lat' dir='ltr'>gradui</span> <span class='ocrx_word' id='word_1_194' title='bbox 496 3079 690 3141; x_wconf 87' lang='lat' dir='ltr'>auctoritatis</span> <span class='ocrx_word' id='word_1_195' title='bbox 706 3079 843 3159; x_wconf 92' lang='lat' dir='ltr'>quemin</span> <span class='ocrx_word' id='word_1_196' title='bbox 861 3079 971 3139; x_wconf 90' lang='lat' dir='ltr'>ordine</span> <span class='ocrx_word' id='word_1_197' title='bbox 995 3077 1147 3158; x_wconf 87' lang='lat' dir='ltr'>singulari</span> 
     </span>
     <span class='ocr_line' id='line_1_31' title="bbox 218 3172 713 3253; baseline -0.012 -14"><span class='ocrx_word' id='word_1_198' title='bbox 218 3181 303 3240; x_wconf 88' lang='lat' dir='ltr'>tenet</span> <span class='ocrx_word' id='word_1_199' title='bbox 324 3175 488 3253; x_wconf 89' lang='lat' dir='ltr'>episcopus</span> <span class='ocrx_word' id='word_1_200' title='bbox 508 3172 713 3233; x_wconf 73' lang='lat' dir='ltr'>dioecesanus</span> 
     </span>
    </p>

    <p class='ocr_par' dir='ltr' id='par_1_7' title="bbox 134 3263 1179 3623">
     <span class='ocr_line' id='line_1_32' title="bbox 258 3263 1149 3345; baseline -0.008 -12"><span class='ocrx_word' id='word_1_201' title='bbox 258 3272 310 3333; x_wconf 89' lang='lat' dir='ltr'>lV.</span> <span class='ocrx_word' id='word_1_202' title='bbox 326 3271 394 3330; x_wconf 92' lang='lat' dir='ltr'>Non</span> <span class='ocrx_word' id='word_1_203' title='bbox 408 3270 514 3328; x_wconf 87' lang='lat' dir='ltr'>tamen</span> <span class='ocrx_word' id='word_1_204' title='bbox 529 3266 704 3344; x_wconf 89' lang='lat' dir='ltr'>putandum</span> <span class='ocrx_word' id='word_1_205' title='bbox 726 3269 773 3327; x_wconf 89' lang='lat' dir='ltr'>est</span> <span class='ocrx_word' id='word_1_206' title='bbox 788 3263 832 3326; x_wconf 88' lang='lat' dir='ltr'>sic</span> <span class='ocrx_word' id='word_1_207' title='bbox 853 3283 945 3344; x_wconf 90' lang='lat' dir='ltr'>posse</span> <span class='ocrx_word' id='word_1_208' title='bbox 961 3269 992 3326; x_wconf 88' lang='lat' dir='ltr'>et</span> <span class='ocrx_word' id='word_1_209' title='bbox 1015 3265 1149 3345; x_wconf 92' lang='lat' dir='ltr'>collegia</span> 
     </span>
     <span class='ocr_line' id='line_1_33' title="bbox 214 3357 1148 3447; baseline -0.007 -20"><span class='ocrx_word' id='word_1_210' title='bbox 214 3362 464 3447; x_wconf 85' lang='lat' dir='ltr'>jurisdictionem</span> <span class='ocrx_word' id='word_1_211' title='bbox 479 3377 624 3420; x_wconf 84' lang='lat' dir='ltr'>exercere</span> <span class='ocrx_word' id='word_1_212' title='bbox 636 3359 726 3420; x_wconf 89' lang='lat' dir='ltr'>sicuti</span> <span class='ocrx_word' id='word_1_213' title='bbox 742 3365 872 3438; x_wconf 88' lang='lat' dir='ltr'>possunt</span> <span class='ocrx_word' id='word_1_214' title='bbox 886 3357 1062 3438; x_wconf 83' lang='lat' dir='ltr'>singulares</span> <span class='ocrx_word' id='word_1_215' title='bbox 1079 3377 1148 3438; x_wconf 87' lang='lat' dir='ltr'>per·</span> 
     </span>
     <span class='ocr_line' id='line_1_34' title="bbox 218 3451 1146 3533; baseline -0.006 -15"><span class='ocrx_word' id='word_1_216' title='bbox 218 3475 314 3518; x_wconf 76' lang='lat' dir='ltr'>sonae.</span> <span class='ocrx_word' id='word_1_217' title='bbox 329 3458 409 3516; x_wconf 89' lang='lat' dir='ltr'>Nam</span> <span class='ocrx_word' id='word_1_218' title='bbox 418 3469 516 3533; x_wconf 89' lang='lat' dir='ltr'>quum</span> <span class='ocrx_word' id='word_1_219' title='bbox 528 3452 705 3530; x_wconf 87' lang='lat' dir='ltr'>collegium,</span> <span class='ocrx_word' id='word_1_220' title='bbox 713 3469 768 3512; x_wconf 90' lang='lat' dir='ltr'>seu</span> <span class='ocrx_word' id='word_1_221' title='bbox 779 3451 846 3511; x_wconf 86' lang='lat' dir='ltr'>haec</span> <span class='ocrx_word' id='word_1_222' title='bbox 861 3469 997 3528; x_wconf 84' lang='lat' dir='ltr'>persone</span> <span class='ocrx_word' id='word_1_223' title='bbox 1006 3451 1146 3528; x_wconf 89' lang='lat' dir='ltr'>moralis,</span> 
     </span>
     <span class='ocr_line' id='line_1_35' title="bbox 134 3542 1179 3623; baseline -0.002 -17"><span class='ocrx_word' id='word_1_224' title='bbox 134 3569 136 3575; x_wconf 36' lang='lat'>⁸</span> <span class='ocrx_word' id='word_1_225' title='bbox 219 3548 347 3612; x_wconf 83' lang='lat' dir='ltr'>resultet</span> <span class='ocrx_word' id='word_1_226' title='bbox 357 3566 393 3606; x_wconf 86' lang='lat' dir='ltr'>ex</span> <span class='ocrx_word' id='word_1_227' title='bbox 404 3546 518 3607; x_wconf 91' lang='lat' dir='ltr'>unione</span> <span class='ocrx_word' id='word_1_228' title='bbox 534 3543 667 3623; x_wconf 87' lang='lat' dir='ltr'>plurium</span> <span class='ocrx_word' id='word_1_229' title='bbox 685 3542 932 3621; x_wconf 87' lang='lat' dir='ltr'>individuorum,</span> <span class='ocrx_word' id='word_1_230' title='bbox 950 3562 1079 3606; x_wconf 87' lang='lat' dir='ltr'>necesse</span> <span class='ocrx_word' id='word_1_231' title='bbox 1102 3545 1148 3614; x_wconf 86' lang='lat' dir='ltr'>est</span> <span class='ocrx_word' id='word_1_232' title='bbox 1174 3553 1179 3560; x_wconf 84' lang='grc'><strong>“</strong></span> 
     </span>
    </p>
   </div>
   <div class='ocr_carea' id='block_1_3' title="bbox 0 0 1319 4124">
    <p class='ocr_par' dir='ltr' id='par_1_8' title="bbox 0 0 1319 4124">
     <span class='ocr_line' id='line_1_36' title="bbox 0 0 1319 4124; baseline 0 0"><span class='ocrx_word' id='word_1_233' title='bbox 0 0 1319 4124; x_wconf 95' lang='lat' dir='ltr'> </span> 
     </span>
    </p>
   </div>
  </div>
 </body>
</html>
