<?xml version="1.0" encoding="UTF-8"?>
<!DOCTYPE html PUBLIC "-//W3C//DTD XHTML 1.0 Transitional//EN"
    "http://www.w3.org/TR/xhtml1/DTD/xhtml1-transitional.dtd">
<html xmlns="http://www.w3.org/1999/xhtml" xml:lang="en" lang="en">
 <head>
  <title>
</title>
<meta http-equiv="Content-Type" content="text/html;charset=utf-8" />
  <meta name='ocr-system' content='tesseract 3.04.00' />
  <meta name='ocr-capabilities' content='ocr_page ocr_carea ocr_par ocr_line ocrx_word'/>
</head>
<body>
  <div class='ocr_page' id='page_1' title='image "./institutionesju03marigoog_0050.png"; bbox 0 0 2518 4144; ppageno 0'>
   <div class='ocr_carea' id='block_1_1' title="bbox 200 353 918 445">
    <p class='ocr_par' dir='ltr' id='par_1_1' title="bbox 200 353 918 445">
     <span class='ocr_line' id='line_1_1' title="bbox 200 353 918 445; baseline -0.001 0"><span class='ocrx_word' id='word_1_1' title='bbox 200 373 240 445; x_wconf 76' lang='lat' dir='ltr'>lt)</span> <span class='ocrx_word' id='word_1_2' title='bbox 410 353 639 444; x_wconf 81' lang='lat' dir='ltr'>rnsnrurronns</span> <span class='ocrx_word' id='word_1_3' title='bbox 659 387 742 443; x_wconf 82' lang='lat' dir='ltr'>tunts</span> <span class='ocrx_word' id='word_1_4' title='bbox 764 387 918 444; x_wconf 76' lang='lat' dir='ltr'>canotum.</span> 
     </span>
    </p>
   </div>
   <div class='ocr_carea' id='block_1_2' title="bbox 201 528 1140 621">
    <p class='ocr_par' dir='ltr' id='par_1_2' title="bbox 201 528 1140 621">
     <span class='ocr_line' id='line_1_2' title="bbox 201 528 1140 621; baseline 0.001 -20"><span class='ocrx_word' id='word_1_5' title='bbox 201 539 387 619; x_wconf 83' lang='lat' dir='ltr'>tinguuntur</span> <span class='ocrx_word' id='word_1_6' title='bbox 399 539 513 621; x_wconf 86' lang='lat' dir='ltr'>injure</span> <span class='ocrx_word' id='word_1_7' title='bbox 538 539 620 601; x_wconf 89' lang='lat' dir='ltr'>civili</span> <span class='ocrx_word' id='word_1_8' title='bbox 645 559 702 619; x_wconf 89' lang='lat' dir='ltr'>pro</span> <span class='ocrx_word' id='word_1_9' title='bbox 716 537 866 620; x_wconf 74' lang='lat' dir='ltr'>qualitate</span> <span class='ocrx_word' id='word_1_10' title='bbox 886 539 931 600; x_wconf 89' lang='lat' dir='ltr'>rei</span> <span class='ocrx_word' id='word_1_11' title='bbox 954 541 993 600; x_wconf 91' lang='lat' dir='ltr'>de</span> <span class='ocrx_word' id='word_1_12' title='bbox 1008 558 1074 619; x_wconf 93' lang='lat' dir='ltr'>qua</span> <span class='ocrx_word' id='word_1_13' title='bbox 1084 528 1140 621; x_wconf 81' lang='lat' dir='ltr'>jus</span> 
     </span>
    </p>
   </div>
   <div class='ocr_carea' id='block_1_3' title="bbox 201 621 1239 712">
    <p class='ocr_par' dir='ltr' id='par_1_3' title="bbox 201 621 1239 712">
     <span class='ocr_line' id='line_1_3' title="bbox 201 621 1239 712; baseline 0.001 -18"><span class='ocrx_word' id='word_1_14' title='bbox 201 634 320 694; x_wconf 87' lang='lat' dir='ltr'>feratur</span> <span class='ocrx_word' id='word_1_15' title='bbox 332 653 338 694; x_wconf 91' lang='lat'>:</span> <span class='ocrx_word' id='word_1_16' title='bbox 351 637 427 712; x_wconf 85' lang='lat' dir='ltr'>puta</span> <span class='ocrx_word' id='word_1_17' title='bbox 437 633 476 694; x_wconf 93' lang='lat' dir='ltr'>de</span> <span class='ocrx_word' id='word_1_18' title='bbox 491 633 695 710; x_wconf 85' lang='lat' dir='ltr'>testamentis,</span> <span class='ocrx_word' id='word_1_19' title='bbox 708 634 747 693; x_wconf 89' lang='lat' dir='ltr'>de</span> <span class='ocrx_word' id='word_1_20' title='bbox 760 632 981 710; x_wconf 87' lang='lat' dir='ltr'>contractibus,</span> <span class='ocrx_word' id='word_1_21' title='bbox 997 633 1038 693; x_wconf 90' lang='lat' dir='ltr'>de</span> <span class='ocrx_word' id='word_1_22' title='bbox 1054 637 1139 695; x_wconf 84' lang='lat' dir='ltr'>statu</span> <span class='ocrx_word' id='word_1_23' title='bbox 1238 621 1239 644; x_wconf 38' lang='lat' dir='ltr'>i</span> 
     </span>
    </p>
   </div>
   <div class='ocr_carea' id='block_1_4' title="bbox 201 725 1139 991">
    <p class='ocr_par' dir='ltr' id='par_1_4' title="bbox 201 725 1139 991">
     <span class='ocr_line' id='line_1_4' title="bbox 201 725 1139 805; baseline 0 -19"><span class='ocrx_word' id='word_1_24' title='bbox 201 744 417 805; x_wconf 85' lang='lat' dir='ltr'>personarum,</span> <span class='ocrx_word' id='word_1_25' title='bbox 447 729 523 798; x_wconf 86' lang='lat' dir='ltr'>etc.;</span> <span class='ocrx_word' id='word_1_26' title='bbox 550 725 606 784; x_wconf 90' lang='lat' dir='ltr'>has</span> <span class='ocrx_word' id='word_1_27' title='bbox 631 725 845 786; x_wconf 78' lang='lat' dir='ltr'>distinctiones</span> <span class='ocrx_word' id='word_1_28' title='bbox 867 744 923 786; x_wconf 92' lang='lat' dir='ltr'>nos</span> <span class='ocrx_word' id='word_1_29' title='bbox 947 725 1139 788; x_wconf 79' lang='lat' dir='ltr'>etiamreci-</span> 
     </span>
     <span class='ocr_line' id='line_1_5' title="bbox 201 818 1011 898; baseline 0.001 -20"><span class='ocrx_word' id='word_1_30' title='bbox 201 819 322 898; x_wconf 87' lang='lat' dir='ltr'>pimus,</span> <span class='ocrx_word' id='word_1_31' title='bbox 340 819 396 880; x_wconf 91' lang='lat' dir='ltr'>sed</span> <span class='ocrx_word' id='word_1_32' title='bbox 407 837 460 878; x_wconf 91' lang='lat' dir='ltr'>eas</span> <span class='ocrx_word' id='word_1_33' title='bbox 470 818 623 878; x_wconf 87' lang='lat' dir='ltr'>hahemus</span> <span class='ocrx_word' id='word_1_34' title='bbox 633 821 785 898; x_wconf 78' lang='lat' dir='ltr'>tanquam</span> <span class='ocrx_word' id='word_1_35' title='bbox 798 818 1011 879; x_wconf 83' lang='lat' dir='ltr'>secundariae.</span> 
     </span>
     <span class='ocr_line' id='line_1_6' title="bbox 241 910 1137 991; baseline -0.002 -18"><span class='ocrx_word' id='word_1_36' title='bbox 241 913 381 974; x_wconf 90' lang='lat' dir='ltr'>Potiores</span> <span class='ocrx_word' id='word_1_37' title='bbox 395 915 501 972; x_wconf 89' lang='lat' dir='ltr'>autem</span> <span class='ocrx_word' id='word_1_38' title='bbox 515 910 668 972; x_wconf 88' lang='lat' dir='ltr'>hahemus</span> <span class='ocrx_word' id='word_1_39' title='bbox 683 930 761 990; x_wconf 85' lang='lat' dir='ltr'>quas</span> <span class='ocrx_word' id='word_1_40' title='bbox 776 930 839 972; x_wconf 91' lang='lat' dir='ltr'>non</span> <span class='ocrx_word' id='word_1_41' title='bbox 855 911 951 972; x_wconf 88' lang='lat' dir='ltr'>habet</span> <span class='ocrx_word' id='word_1_42' title='bbox 961 911 1014 991; x_wconf 84' lang='lat' dir='ltr'>jus</span> <span class='ocrx_word' id='word_1_43' title='bbox 1025 911 1137 986; x_wconf 87' lang='lat' dir='ltr'>civile;</span> 
     </span>
    </p>
   </div>
   <div class='ocr_carea' id='block_1_5' title="bbox 202 993 1240 1085">
    <p class='ocr_par' dir='ltr' id='par_1_5' title="bbox 202 993 1240 1085">
     <span class='ocr_line' id='line_1_7' title="bbox 202 993 1240 1085; baseline -0.002 -19"><span class='ocrx_word' id='word_1_44' title='bbox 202 1025 274 1067; x_wconf 93' lang='lat' dir='ltr'>cum</span> <span class='ocrx_word' id='word_1_45' title='bbox 292 1005 375 1065; x_wconf 91' lang='lat' dir='ltr'>enim</span> <span class='ocrx_word' id='word_1_46' title='bbox 388 1004 440 1085; x_wconf 90' lang='lat' dir='ltr'>jus</span> <span class='ocrx_word' id='word_1_47' title='bbox 460 1005 549 1065; x_wconf 90' lang='lat' dir='ltr'>civile</span> <span class='ocrx_word' id='word_1_48' title='bbox 571 1005 661 1064; x_wconf 75' lang='lat' dir='ltr'>urtice</span> <span class='ocrx_word' id='word_1_49' title='bbox 677 1003 717 1064; x_wconf 93' lang='lat' dir='ltr'>ad</span> <span class='ocrx_word' id='word_1_50' title='bbox 738 1023 841 1066; x_wconf 89' lang='lat' dir='ltr'>mores</span> <span class='ocrx_word' id='word_1_51' title='bbox 858 1003 1084 1083; x_wconf 82' lang='lat' dir='ltr'>gubernandos</span> <span class='ocrx_word' id='word_1_52' title='bbox 1107 1005 1138 1064; x_wconf 93' lang='lat' dir='ltr'>in</span> <span class='ocrx_word' id='word_1_53' title='bbox 1239 993 1240 1002; x_wconf 38' lang='lat'>¹</span> 
     </span>
    </p>
   </div>
   <div class='ocr_carea' id='block_1_6' title="bbox 202 1097 1141 3600">
    <p class='ocr_par' dir='ltr' id='par_1_6' title="bbox 202 1097 1139 1550">
     <span class='ocr_line' id='line_1_8' title="bbox 202 1097 1137 1178; baseline -0.004 -18"><span class='ocrx_word' id='word_1_54' title='bbox 202 1098 311 1160; x_wconf 88' lang='lat' dir='ltr'>ordine</span> <span class='ocrx_word' id='word_1_55' title='bbox 339 1097 379 1158; x_wconf 90' lang='lat' dir='ltr'>ad</span> <span class='ocrx_word' id='word_1_56' title='bbox 401 1098 618 1177; x_wconf 77' lang='lat' dir='ltr'>temporalem,</span> <span class='ocrx_word' id='word_1_57' title='bbox 656 1116 919 1178; x_wconf 81' lang='lat' dir='ltr'>communemque</span> <span class='ocrx_word' id='word_1_58' title='bbox 953 1097 1137 1158; x_wconf 77' lang='lat' dir='ltr'>felicitatem</span> 
     </span>
     <span class='ocr_line' id='line_1_9' title="bbox 202 1189 1136 1270; baseline -0.002 -18"><span class='ocrx_word' id='word_1_59' title='bbox 202 1190 431 1268; x_wconf 87' lang='lat' dir='ltr'>constituatur,</span> <span class='ocrx_word' id='word_1_60' title='bbox 457 1191 543 1270; x_wconf 84' lang='lat' dir='ltr'>leges</span> <span class='ocrx_word' id='word_1_61' title='bbox 563 1210 625 1252; x_wconf 90' lang='lat' dir='ltr'>nou</span> <span class='ocrx_word' id='word_1_62' title='bbox 650 1191 794 1269; x_wconf 80' lang='lat' dir='ltr'>agnoscit</span> <span class='ocrx_word' id='word_1_63' title='bbox 816 1189 875 1250; x_wconf 91' lang='lat' dir='ltr'>nisi</span> <span class='ocrx_word' id='word_1_64' title='bbox 900 1189 1136 1269; x_wconf 89' lang='lat' dir='ltr'>disciplinar·es;</span> 
     </span>
     <span class='ocr_line' id='line_1_10' title="bbox 202 1283 1139 1364; baseline -0.002 -20"><span class='ocrx_word' id='word_1_65' title='bbox 202 1283 416 1362; x_wconf 84' lang='lat' dir='ltr'>dogmaticum</span> <span class='ocrx_word' id='word_1_66' title='bbox 422 1283 474 1364; x_wconf 88' lang='lat' dir='ltr'>jus</span> <span class='ocrx_word' id='word_1_67' title='bbox 485 1303 548 1345; x_wconf 92' lang='lat' dir='ltr'>non</span> <span class='ocrx_word' id='word_1_68' title='bbox 575 1285 680 1361; x_wconf 90' lang='lat' dir='ltr'>habet,</span> <span class='ocrx_word' id='word_1_69' title='bbox 706 1283 765 1343; x_wconf 90' lang='lat' dir='ltr'>nisi</span> <span class='ocrx_word' id='word_1_70' title='bbox 790 1284 871 1344; x_wconf 87' lang='lat' dir='ltr'>forte</span> <span class='ocrx_word' id='word_1_71' title='bbox 889 1283 973 1362; x_wconf 91' lang='lat' dir='ltr'>quod</span> <span class='ocrx_word' id='word_1_72' title='bbox 993 1284 1139 1344; x_wconf 88' lang='lat' dir='ltr'>naturale</span> 
     </span>
     <span class='ocr_line' id='line_1_11' title="bbox 203 1375 1139 1458; baseline -0.002 -20"><span class='ocrx_word' id='word_1_73' title='bbox 203 1381 266 1439; x_wconf 90' lang='lat' dir='ltr'>est:</span> <span class='ocrx_word' id='word_1_74' title='bbox 280 1377 384 1456; x_wconf 91' lang='lat' dir='ltr'>ipsum</span> <span class='ocrx_word' id='word_1_75' title='bbox 396 1395 533 1456; x_wconf 89' lang='lat' dir='ltr'>namque</span> <span class='ocrx_word' id='word_1_76' title='bbox 543 1377 595 1458; x_wconf 88' lang='lat' dir='ltr'>jus</span> <span class='ocrx_word' id='word_1_77' title='bbox 608 1377 698 1439; x_wconf 84' lang='lat' dir='ltr'>civile</span> <span class='ocrx_word' id='word_1_78' title='bbox 714 1394 777 1437; x_wconf 90' lang='lat' dir='ltr'>non</span> <span class='ocrx_word' id='word_1_79' title='bbox 787 1376 828 1436; x_wconf 92' lang='lat' dir='ltr'>ad</span> <span class='ocrx_word' id='word_1_80' title='bbox 843 1375 1009 1438; x_wconf 87' lang='lat' dir='ltr'>veritatem</span> <span class='ocrx_word' id='word_1_81' title='bbox 1023 1377 1139 1438; x_wconf 86' lang='lat' dir='ltr'>doeen-</span> 
     </span>
     <span class='ocr_line' id='line_1_12' title="bbox 203 1469 1034 1550; baseline 0 -19"><span class='ocrx_word' id='word_1_82' title='bbox 203 1471 288 1548; x_wconf 88' lang='lat' dir='ltr'>dam,</span> <span class='ocrx_word' id='word_1_83' title='bbox 301 1470 357 1531; x_wconf 89' lang='lat' dir='ltr'>scd</span> <span class='ocrx_word' id='word_1_84' title='bbox 369 1470 410 1531; x_wconf 92' lang='lat' dir='ltr'>ad</span> <span class='ocrx_word' id='word_1_85' title='bbox 425 1489 529 1531; x_wconf 89' lang='lat' dir='ltr'>mores</span> <span class='ocrx_word' id='word_1_86' title='bbox 539 1469 772 1550; x_wconf 84' lang='lat' dir='ltr'>gubernandos,</span> <span class='ocrx_word' id='word_1_87' title='bbox 790 1473 837 1530; x_wconf 89' lang='lat' dir='ltr'>est</span> <span class='ocrx_word' id='word_1_88' title='bbox 847 1469 1034 1531; x_wconf 88' lang='lat' dir='ltr'>institutum.</span> 
     </span>
    </p>

    <p class='ocr_par' dir='ltr' id='par_1_7' title="bbox 203 1562 1141 2478">
     <span class='ocr_line' id='line_1_13' title="bbox 244 1562 1140 1643; baseline -0.002 -18"><span class='ocrx_word' id='word_1_89' title='bbox 244 1564 307 1625; x_wconf 86' lang='lat' dir='ltr'>Sed</span> <span class='ocrx_word' id='word_1_90' title='bbox 321 1564 470 1642; x_wconf 78' lang='lat' dir='ltr'>Ecclesia,</span> <span class='ocrx_word' id='word_1_91' title='bbox 498 1581 568 1643; x_wconf 85' lang='lat' dir='ltr'>quae</span> <span class='ocrx_word' id='word_1_92' title='bbox 583 1581 647 1643; x_wconf 24' lang='lat' dir='ltr'>,pro</span> <span class='ocrx_word' id='word_1_93' title='bbox 665 1563 869 1625; x_wconf 88' lang='lat' dir='ltr'>fundamento</span> <span class='ocrx_word' id='word_1_94' title='bbox 893 1563 990 1624; x_wconf 89' lang='lat' dir='ltr'>totius</span> <span class='ocrx_word' id='word_1_95' title='bbox 1014 1562 1140 1642; x_wconf 82' lang='lat' dir='ltr'>legisla-</span> 
     </span>
     <span class='ocr_line' id='line_1_14' title="bbox 203 1655 1140 1736; baseline -0.002 -18"><span class='ocrx_word' id='word_1_96' title='bbox 203 1657 296 1718; x_wconf 84' lang='lat' dir='ltr'>tionis</span> <span class='ocrx_word' id='word_1_97' title='bbox 311 1657 407 1718; x_wconf 82' lang='lat' dir='ltr'>habet</span> <span class='ocrx_word' id='word_1_98' title='bbox 415 1657 521 1734; x_wconf 91' lang='lat' dir='ltr'>fidem,</span> <span class='ocrx_word' id='word_1_99' title='bbox 534 1661 702 1736; x_wconf 91' lang='lat' dir='ltr'>propterea</span> <span class='ocrx_word' id='word_1_100' title='bbox 713 1655 865 1735; x_wconf 79' lang='lat' dir='ltr'>magistra</span> <span class='ocrx_word' id='word_1_101' title='bbox 875 1656 1016 1717; x_wconf 88' lang='lat' dir='ltr'>veritatis</span> <span class='ocrx_word' id='word_1_102' title='bbox 1027 1675 1140 1735; x_wconf 85' lang='lat' dir='ltr'>agnos-</span> 
     </span>
     <span class='ocr_line' id='line_1_15' title="bbox 204 1749 1139 1829; baseline 0 -19"><span class='ocrx_word' id='word_1_103' title='bbox 204 1751 285 1811; x_wconf 89' lang='lat' dir='ltr'>citur</span> <span class='ocrx_word' id='word_1_104' title='bbox 300 1753 331 1809; x_wconf 88' lang='lat' dir='ltr'>et</span> <span class='ocrx_word' id='word_1_105' title='bbox 342 1767 405 1809; x_wconf 91' lang='lat' dir='ltr'>non</span> <span class='ocrx_word' id='word_1_106' title='bbox 420 1750 522 1810; x_wconf 90' lang='lat' dir='ltr'>solum</span> <span class='ocrx_word' id='word_1_107' title='bbox 531 1753 682 1829; x_wconf 88' lang='lat' dir='ltr'>tanquam</span> <span class='ocrx_word' id='word_1_108' title='bbox 699 1767 824 1809; x_wconf 91' lang='lat' dir='ltr'>morum</span> <span class='ocrx_word' id='word_1_109' title='bbox 839 1749 1057 1828; x_wconf 83' lang='lat' dir='ltr'>gubernatrix,</span> <span class='ocrx_word' id='word_1_110' title='bbox 1076 1768 1139 1810; x_wconf 94' lang='lat' dir='ltr'>non</span> 
     </span>
     <span class='ocr_line' id='line_1_16' title="bbox 204 1841 1141 1921; baseline -0.003 -16"><span class='ocrx_word' id='word_1_111' title='bbox 204 1846 326 1905; x_wconf 80' lang='lat' dir='ltr'>tantum</span> <span class='ocrx_word' id='word_1_112' title='bbox 351 1841 446 1902; x_wconf 83' lang='lat' dir='ltr'>habet</span> <span class='ocrx_word' id='word_1_113' title='bbox 465 1860 522 1919; x_wconf 90' lang='lat' dir='ltr'>pro</span> <span class='ocrx_word' id='word_1_114' title='bbox 536 1843 598 1902; x_wconf 87' lang='lat' dir='ltr'>tine</span> <span class='ocrx_word' id='word_1_115' title='bbox 615 1861 729 1902; x_wconf 89' lang='lat' dir='ltr'>munus</span> <span class='ocrx_word' id='word_1_116' title='bbox 748 1842 903 1921; x_wconf 85' lang='lat' dir='ltr'>dirigendi</span> <span class='ocrx_word' id='word_1_117' title='bbox 916 1861 1020 1902; x_wconf 87' lang='lat' dir='ltr'>mores</span> <span class='ocrx_word' id='word_1_118' title='bbox 1033 1841 1141 1902; x_wconf 88' lang='lat' dir='ltr'>subdi-</span> 
     </span>
     <span class='ocr_line' id='line_1_17' title="bbox 204 1933 1140 2013; baseline -0.002 -16"><span class='ocrx_word' id='word_1_119' title='bbox 204 1940 319 2012; x_wconf 89' lang='lat' dir='ltr'>torum,</span> <span class='ocrx_word' id='word_1_120' title='bbox 346 1953 383 1994; x_wconf 89' lang='lat' dir='ltr'>ac</span> <span class='ocrx_word' id='word_1_121' title='bbox 414 1935 546 2013; x_wconf 90' lang='lat' dir='ltr'>proinde</span> <span class='ocrx_word' id='word_1_122' title='bbox 572 1936 657 2013; x_wconf 86' lang='lat' dir='ltr'>leges</span> <span class='ocrx_word' id='word_1_123' title='bbox 688 1935 904 2013; x_wconf 90' lang='lat' dir='ltr'>disciplinares</span> <span class='ocrx_word' id='word_1_124' title='bbox 926 1935 1059 2012; x_wconf 89' lang='lat' dir='ltr'>ferendi,</span> <span class='ocrx_word' id='word_1_125' title='bbox 1084 1933 1140 1995; x_wconf 89' lang='lat' dir='ltr'>sed</span> 
     </span>
     <span class='ocr_line' id='line_1_18' title="bbox 204 2027 1139 2108; baseline 0 -20"><span class='ocrx_word' id='word_1_126' title='bbox 204 2029 300 2089; x_wconf 89' lang='lat' dir='ltr'>habet</span> <span class='ocrx_word' id='word_1_127' title='bbox 314 2027 408 2088; x_wconf 88' lang='lat' dir='ltr'>etiam</span> <span class='ocrx_word' id='word_1_128' title='bbox 415 2027 466 2108; x_wconf 88' lang='lat' dir='ltr'>jus</span> <span class='ocrx_word' id='word_1_129' title='bbox 480 2027 694 2108; x_wconf 84' lang='lat' dir='ltr'>dogmaticum</span> <span class='ocrx_word' id='word_1_130' title='bbox 709 2028 794 2108; x_wconf 92' lang='lat' dir='ltr'>quod</span> <span class='ocrx_word' id='word_1_131' title='bbox 805 2047 862 2107; x_wconf 92' lang='lat' dir='ltr'>pro</span> <span class='ocrx_word' id='word_1_132' title='bbox 875 2029 937 2088; x_wconf 88' lang='lat' dir='ltr'>fine</span> <span class='ocrx_word' id='word_1_133' title='bbox 952 2027 1049 2089; x_wconf 89' lang='lat' dir='ltr'>habet</span> <span class='ocrx_word' id='word_1_134' title='bbox 1060 2029 1139 2089; x_wconf 91' lang='lat' dir='ltr'>veri·</span> 
     </span>
     <span class='ocr_line' id='line_1_19' title="bbox 204 2111 1139 2200; baseline -0.002 -16"><span class='ocrx_word' id='word_1_135' title='bbox 204 2126 301 2184; x_wconf 84' lang='lat' dir='ltr'>tatem</span> <span class='ocrx_word' id='word_1_136' title='bbox 321 2111 463 2183; x_wconf 73' lang='lat' dir='ltr'>subditos</span> <span class='ocrx_word' id='word_1_137' title='bbox 484 2121 670 2183; x_wconf 88' lang='lat' dir='ltr'>docendam.</span> <span class='ocrx_word' id='word_1_138' title='bbox 694 2123 762 2194; x_wconf 82' lang='lat' dir='ltr'>Qua</span> <span class='ocrx_word' id='word_1_139' title='bbox 790 2123 892 2200; x_wconf 81' lang='lat' dir='ltr'>posita</span> <span class='ocrx_word' id='word_1_140' title='bbox 912 2121 1053 2200; x_wconf 85' lang='lat' dir='ltr'>generali</span> <span class='ocrx_word' id='word_1_141' title='bbox 1079 2121 1139 2182; x_wconf 93' lang='lat' dir='ltr'>dis·</span> 
     </span>
     <span class='ocr_line' id='line_1_20' title="bbox 204 2213 1139 2295; baseline -0.004 -17"><span class='ocrx_word' id='word_1_142' title='bbox 204 2217 363 2294; x_wconf 88' lang='lat' dir='ltr'>tinctione,</span> <span class='ocrx_word' id='word_1_143' title='bbox 385 2221 537 2295; x_wconf 88' lang='lat' dir='ltr'>tanquam</span> <span class='ocrx_word' id='word_1_144' title='bbox 554 2215 679 2294; x_wconf 85' lang='lat' dir='ltr'>potiori,</span> <span class='ocrx_word' id='word_1_145' title='bbox 704 2213 781 2274; x_wconf 91' lang='lat' dir='ltr'>nihil</span> <span class='ocrx_word' id='word_1_146' title='bbox 803 2213 951 2293; x_wconf 87' lang='lat' dir='ltr'>prohibet</span> <span class='ocrx_word' id='word_1_147' title='bbox 970 2215 1139 2294; x_wconf 90' lang='lat' dir='ltr'>quominus</span> 
     </span>
     <span class='ocr_line' id='line_1_21' title="bbox 204 2307 1139 2388; baseline -0.002 -18"><span class='ocrx_word' id='word_1_148' title='bbox 204 2329 260 2388; x_wconf 93' lang='lat' dir='ltr'>pro</span> <span class='ocrx_word' id='word_1_149' title='bbox 275 2309 370 2370; x_wconf 89' lang='lat' dir='ltr'>variis</span> <span class='ocrx_word' id='word_1_150' title='bbox 390 2309 542 2369; x_wconf 90' lang='lat' dir='ltr'>classibus</span> <span class='ocrx_word' id='word_1_151' title='bbox 563 2308 769 2388; x_wconf 87' lang='lat' dir='ltr'>objectorum,</span> <span class='ocrx_word' id='word_1_152' title='bbox 794 2307 996 2368; x_wconf 81' lang='lat' dir='ltr'>secundarios</span> <span class='ocrx_word' id='word_1_153' title='bbox 1014 2312 1046 2369; x_wconf 90' lang='lat' dir='ltr'>et</span> <span class='ocrx_word' id='word_1_154' title='bbox 1068 2309 1139 2369; x_wconf 89' lang='lat' dir='ltr'>suh·</span> 
     </span>
     <span class='ocr_line' id='line_1_22' title="bbox 204 2401 748 2478; baseline -0.002 -15"><span class='ocrx_word' id='word_1_155' title='bbox 204 2404 340 2463; x_wconf 88' lang='lat' dir='ltr'>alternas</span> <span class='ocrx_word' id='word_1_156' title='bbox 354 2419 508 2478; x_wconf 85' lang='lat' dir='ltr'>ponamus</span> <span class='ocrx_word' id='word_1_157' title='bbox 525 2401 748 2463; x_wconf 85' lang='lat' dir='ltr'>distinctiones.</span> 
     </span>
    </p>

    <p class='ocr_par' dir='ltr' id='par_1_8' title="bbox 204 2491 1135 2762">
     <span class='ocr_line' id='line_1_23' title="bbox 244 2491 1135 2576; baseline -0.002 -20"><span class='ocrx_word' id='word_1_158' title='bbox 244 2498 282 2556; x_wconf 82' lang='lat' dir='ltr'>V.</span> <span class='ocrx_word' id='word_1_159' title='bbox 310 2496 454 2571; x_wconf 89' lang='lat' dir='ltr'>Demum,</span> <span class='ocrx_word' id='word_1_160' title='bbox 468 2498 499 2555; x_wconf 73' lang='lat'>4⁰</span> <span class='ocrx_word' id='word_1_161' title='bbox 523 2513 560 2554; x_wconf 76' lang='lat' dir='ltr'>ee</span> <span class='ocrx_word' id='word_1_162' title='bbox 580 2493 748 2555; x_wconf 82' lang='lat' dir='ltr'>diuersitate</span> <span class='ocrx_word' id='word_1_163' title='bbox 772 2492 853 2554; x_wconf 83' lang='lat' dir='ltr'>modi</span> <span class='ocrx_word' id='word_1_164' title='bbox 869 2513 925 2576; x_wconf 84' lang='lat' dir='ltr'>quo</span> <span class='ocrx_word' id='word_1_165' title='bbox 937 2493 992 2574; x_wconf 77' lang='lat' dir='ltr'>jos</span> <span class='ocrx_word' id='word_1_166' title='bbox 1011 2491 1135 2574; x_wconf 78' lang='lat' dir='ltr'>sertor,</span> 
     </span>
     <span class='ocr_line' id='line_1_24' title="bbox 204 2585 1135 2668; baseline -0.001 -18"><span class='ocrx_word' id='word_1_167' title='bbox 204 2591 372 2668; x_wconf 91' lang='lat' dir='ltr'>utrumque</span> <span class='ocrx_word' id='word_1_168' title='bbox 381 2587 434 2668; x_wconf 88' lang='lat' dir='ltr'>jus</span> <span class='ocrx_word' id='word_1_169' title='bbox 445 2588 531 2667; x_wconf 84' lang='lat' dir='ltr'>leges</span> <span class='ocrx_word' id='word_1_170' title='bbox 544 2587 708 2667; x_wconf 83' lang='lat' dir='ltr'>distinguit</span> <span class='ocrx_word' id='word_1_171' title='bbox 717 2588 748 2647; x_wconf 93' lang='lat' dir='ltr'>in</span> <span class='ocrx_word' id='word_1_172' title='bbox 756 2585 881 2668; x_wconf 73' lang='lat' dir='ltr'>scriptos</span> <span class='ocrx_word' id='word_1_173' title='bbox 891 2591 922 2648; x_wconf 92' lang='lat' dir='ltr'>et</span> <span class='ocrx_word' id='word_1_174' title='bbox 933 2607 989 2647; x_wconf 84' lang='lat' dir='ltr'>non</span> <span class='ocrx_word' id='word_1_175' title='bbox 999 2589 1135 2668; x_wconf 71' lang='lat' dir='ltr'>scraptae.</span> 
     </span>
     <span class='ocr_line' id='line_1_25' title="bbox 205 2681 912 2762; baseline 0 -20"><span class='ocrx_word' id='word_1_176' title='bbox 205 2685 248 2743; x_wconf 92' lang='lat' dir='ltr'>De</span> <span class='ocrx_word' id='word_1_177' title='bbox 262 2701 325 2762; x_wconf 90' lang='lat' dir='ltr'>qua</span> <span class='ocrx_word' id='word_1_178' title='bbox 334 2681 531 2742; x_wconf 89' lang='lat' dir='ltr'>distinctione</span> <span class='ocrx_word' id='word_1_179' title='bbox 547 2700 630 2742; x_wconf 89' lang='lat' dir='ltr'>nunc</span> <span class='ocrx_word' id='word_1_180' title='bbox 643 2685 690 2743; x_wconf 90' lang='lat' dir='ltr'>est</span> <span class='ocrx_word' id='word_1_181' title='bbox 703 2681 912 2742; x_wconf 87' lang='lat' dir='ltr'>tractandum.</span> 
     </span>
    </p>

    <p class='ocr_par' dir='ltr' id='par_1_9' title="bbox 205 2773 1140 3506">
     <span class='ocr_line' id='line_1_26' title="bbox 244 2773 1136 2856; baseline 0.001 -19"><span class='ocrx_word' id='word_1_182' title='bbox 244 2777 383 2854; x_wconf 86' lang='lat' dir='ltr'>Utraque</span> <span class='ocrx_word' id='word_1_183' title='bbox 404 2774 654 2854; x_wconf 86' lang='lat' dir='ltr'>jurisprudentia</span> <span class='ocrx_word' id='word_1_184' title='bbox 672 2775 758 2853; x_wconf 83' lang='lat' dir='ltr'>leges</span> <span class='ocrx_word' id='word_1_185' title='bbox 779 2774 944 2854; x_wconf 85' lang='lat' dir='ltr'>distinguit</span> <span class='ocrx_word' id='word_1_186' title='bbox 958 2775 990 2834; x_wconf 96' lang='lat' dir='ltr'>in</span> <span class='ocrx_word' id='word_1_187' title='bbox 1003 2773 1136 2856; x_wconf 82' lang='lat' dir='ltr'>scriptas</span> 
     </span>
     <span class='ocr_line' id='line_1_27' title="bbox 206 2867 1138 2949; baseline 0.005 -23"><span class='ocrx_word' id='word_1_188' title='bbox 206 2871 236 2928; x_wconf 91' lang='lat' dir='ltr'>et</span> <span class='ocrx_word' id='word_1_189' title='bbox 262 2887 325 2927; x_wconf 95' lang='lat' dir='ltr'>non</span> <span class='ocrx_word' id='word_1_190' title='bbox 337 2868 480 2946; x_wconf 81' lang='lat' dir='ltr'>scriptae,</span> <span class='ocrx_word' id='word_1_191' title='bbox 497 2887 552 2928; x_wconf 89' lang='lat' dir='ltr'>seu</span> <span class='ocrx_word' id='word_1_192' title='bbox 568 2868 600 2928; x_wconf 92' lang='lat' dir='ltr'>in</span> <span class='ocrx_word' id='word_1_193' title='bbox 620 2868 845 2946; x_wconf 86' lang='lat' dir='ltr'>promulgatas,</span> <span class='ocrx_word' id='word_1_194' title='bbox 863 2867 912 2928; x_wconf 84' lang='lat' dir='ltr'>vel</span> <span class='ocrx_word' id='word_1_195' title='bbox 927 2869 1070 2930; x_wconf 89' lang='lat' dir='ltr'>moribus</span> <span class='ocrx_word' id='word_1_196' title='bbox 1083 2886 1138 2949; x_wconf 90' lang='lat' dir='ltr'>po-</span> 
     </span>
     <span class='ocr_line' id='line_1_28' title="bbox 205 2960 1137 3041; baseline 0.004 -21"><span class='ocrx_word' id='word_1_197' title='bbox 205 2961 269 3039; x_wconf 92' lang='lat' dir='ltr'>puli</span> <span class='ocrx_word' id='word_1_198' title='bbox 296 2960 499 3022; x_wconf 87' lang='lat' dir='ltr'>introductas.</span> <span class='ocrx_word' id='word_1_199' title='bbox 526 2963 642 3040; x_wconf 85' lang='lat' dir='ltr'>Legem</span> <span class='ocrx_word' id='word_1_200' title='bbox 661 2960 744 3020; x_wconf 88' lang='lat' dir='ltr'>enim</span> <span class='ocrx_word' id='word_1_201' title='bbox 767 2961 919 3038; x_wconf 85' lang='lat' dir='ltr'>scrihere,</span> <span class='ocrx_word' id='word_1_202' title='bbox 937 2960 1029 3041; x_wconf 85' lang='lat' dir='ltr'>juxta</span> <span class='ocrx_word' id='word_1_203' title='bbox 1043 2964 1137 3024; x_wconf 90' lang='lat' dir='ltr'>ratio·</span> 
     </span>
     <span class='ocr_line' id='line_1_29' title="bbox 206 3053 1138 3135; baseline 0.005 -23"><span class='ocrx_word' id='word_1_204' title='bbox 206 3072 278 3112; x_wconf 89' lang='lat' dir='ltr'>nem</span> <span class='ocrx_word' id='word_1_205' title='bbox 298 3053 446 3134; x_wconf 91' lang='lat' dir='ltr'>loquendi</span> <span class='ocrx_word' id='word_1_206' title='bbox 460 3053 774 3134; x_wconf 85' lang='lat' dir='ltr'>jurisconsultorum,</span> <span class='ocrx_word' id='word_1_207' title='bbox 795 3053 880 3113; x_wconf 89' lang='lat' dir='ltr'>idem</span> <span class='ocrx_word' id='word_1_208' title='bbox 906 3059 953 3115; x_wconf 90' lang='lat' dir='ltr'>est</span> <span class='ocrx_word' id='word_1_209' title='bbox 971 3074 1007 3115; x_wconf 89' lang='lat' dir='ltr'>ac</span> <span class='ocrx_word' id='word_1_210' title='bbox 1032 3056 1138 3135; x_wconf 86' lang='lat' dir='ltr'>legem</span> 
     </span>
     <span class='ocr_line' id='line_1_30' title="bbox 205 3147 1138 3226; baseline 0.003 -21"><span class='ocrx_word' id='word_1_211' title='bbox 205 3147 417 3226; x_wconf 80' lang='lat' dir='ltr'>promulgare.</span> <span class='ocrx_word' id='word_1_212' title='bbox 440 3147 502 3208; x_wconf 88' lang='lat' dir='ltr'>Sed</span> <span class='ocrx_word' id='word_1_213' title='bbox 523 3166 595 3207; x_wconf 89' lang='lat' dir='ltr'>curn</span> <span class='ocrx_word' id='word_1_214' title='bbox 617 3166 713 3226; x_wconf 91' lang='lat' dir='ltr'>penes</span> <span class='ocrx_word' id='word_1_215' title='bbox 737 3165 885 3206; x_wconf 90' lang='lat' dir='ltr'>romanos</span> <span class='ocrx_word' id='word_1_216' title='bbox 896 3147 1138 3226; x_wconf 89' lang='lat' dir='ltr'>jurisconsultos</span> 
     </span>
     <span class='ocr_line' id='line_1_31' title="bbox 206 3237 1139 3320; baseline 0.003 -21"><span class='ocrx_word' id='word_1_217' title='bbox 206 3237 386 3320; x_wconf 90' lang='lat' dir='ltr'>hujusmodi</span> <span class='ocrx_word' id='word_1_218' title='bbox 412 3239 618 3300; x_wconf 88' lang='lat' dir='ltr'>distinctionis</span> <span class='ocrx_word' id='word_1_219' title='bbox 647 3243 761 3300; x_wconf 87' lang='lat' dir='ltr'>natura</span> <span class='ocrx_word' id='word_1_220' title='bbox 783 3257 846 3299; x_wconf 93' lang='lat' dir='ltr'>non</span> <span class='ocrx_word' id='word_1_221' title='bbox 875 3240 955 3300; x_wconf 91' lang='lat' dir='ltr'>bene</span> <span class='ocrx_word' id='word_1_222' title='bbox 985 3246 1139 3320; x_wconf 86' lang='lat' dir='ltr'>appareat</span> 
     </span>
     <span class='ocr_line' id='line_1_32' title="bbox 206 3332 1140 3413; baseline 0 -19"><span class='ocrx_word' id='word_1_223' title='bbox 206 3333 424 3410; x_wconf 86' lang='lat' dir='ltr'>determinata,</span> <span class='ocrx_word' id='word_1_224' title='bbox 439 3333 510 3395; x_wconf 90' lang='lat' dir='ltr'>ideo</span> <span class='ocrx_word' id='word_1_225' title='bbox 524 3333 676 3413; x_wconf 92' lang='lat' dir='ltr'>optimum</span> <span class='ocrx_word' id='word_1_226' title='bbox 688 3332 746 3394; x_wconf 90' lang='lat' dir='ltr'>erit</span> <span class='ocrx_word' id='word_1_227' title='bbox 756 3333 781 3392; x_wconf 94' lang='lat' dir='ltr'>si</span> <span class='ocrx_word' id='word_1_228' title='bbox 798 3333 836 3392; x_wconf 90' lang='lat' dir='ltr'>de</span> <span class='ocrx_word' id='word_1_229' title='bbox 853 3351 891 3392; x_wconf 90' lang='lat' dir='ltr'>ea</span> <span class='ocrx_word' id='word_1_230' title='bbox 905 3352 1006 3412; x_wconf 88' lang='lat' dir='ltr'>pauca</span> <span class='ocrx_word' id='word_1_231' title='bbox 1023 3336 1140 3413; x_wconf 83' lang='lat' dir='ltr'>praelo-</span> 
     </span>
     <span class='ocr_line' id='line_1_33' title="bbox 206 3445 350 3506; baseline 0.007 -19"><span class='ocrx_word' id='word_1_232' title='bbox 206 3445 350 3506; x_wconf 86' lang='lat' dir='ltr'>qnamur.</span> 
     </span>
    </p>

    <p class='ocr_par' dir='ltr' id='par_1_10' title="bbox 245 3517 1139 3600">
     <span class='ocr_line' id='line_1_34' title="bbox 245 3517 1139 3600; baseline 0.002 -20"><span class='ocrx_word' id='word_1_233' title='bbox 245 3523 354 3600; x_wconf 87' lang='lat' dir='ltr'>ltaque</span> <span class='ocrx_word' id='word_1_234' title='bbox 375 3519 497 3580; x_wconf 87' lang='lat' dir='ltr'>romani</span> <span class='ocrx_word' id='word_1_235' title='bbox 520 3517 734 3599; x_wconf 87' lang='lat' dir='ltr'>jurisconsulti</span> <span class='ocrx_word' id='word_1_236' title='bbox 760 3535 833 3578; x_wconf 90' lang='lat' dir='ltr'>cum</span> <span class='ocrx_word' id='word_1_237' title='bbox 860 3518 975 3580; x_wconf 87' lang='lat' dir='ltr'>scirent</span> <span class='ocrx_word' id='word_1_238' title='bbox 992 3521 1031 3580; x_wconf 93' lang='lat' dir='ltr'>de</span> <span class='ocrx_word' id='word_1_239' title='bbox 1054 3521 1139 3582; x_wconf 86' lang='lat' dir='ltr'>facto</span> 
     </span>
    </p>
   </div>
   <div class='ocr_carea' id='block_1_7' title="bbox 83 3611 1244 3700">
    <p class='ocr_par' dir='ltr' id='par_1_11' title="bbox 83 3611 1244 3700">
     <span class='ocr_line' id='line_1_35' title="bbox 83 3611 1244 3700; baseline 0 -22"><span class='ocrx_word' id='word_1_240' title='bbox 83 3664 90 3683; x_wconf 82' lang='grc'><em>,</em></span> <span class='ocrx_word' id='word_1_241' title='bbox 206 3611 373 3700; x_wconf 86' lang='lat' dir='ltr'>imperium</span> <span class='ocrx_word' id='word_1_242' title='bbox 393 3629 560 3678; x_wconf 87' lang='lat' dir='ltr'>romanum</span> <span class='ocrx_word' id='word_1_243' title='bbox 577 3611 777 3678; x_wconf 78' lang='lat' dir='ltr'>democratia</span> <span class='ocrx_word' id='word_1_244' title='bbox 792 3611 989 3700; x_wconf 82' lang='lat' dir='ltr'>successisse,</span> <span class='ocrx_word' id='word_1_245' title='bbox 1009 3613 1141 3678; x_wconf 84' lang='lat' dir='ltr'>confun-</span> <span class='ocrx_word' id='word_1_246' title='bbox 1243 3623 1244 3648; x_wconf 74' lang='lat'>³</span> 
     </span>
    </p>
   </div>
   <div class='ocr_carea' id='block_1_8' title="bbox 0 0 1271 4144">
    <p class='ocr_par' dir='ltr' id='par_1_12' title="bbox 0 0 1271 4144">
     <span class='ocr_line' id='line_1_36' title="bbox 0 0 1271 4144; baseline 0 0"><span class='ocrx_word' id='word_1_247' title='bbox 0 0 1271 4144; x_wconf 95' lang='lat' dir='ltr'> </span> 
     </span>
    </p>
   </div>
  </div>
 </body>
</html>
