2518 4144
181 326 221 384 m
389 337 620 385 msrmumouus
641 341 724 387 rums
746 341 900 389 cruorum.

535 552 713 606 ARTICULUS
740 553 773 608 ll.

180 721 213 758 ba
229 721 386 765 QUIBUSDAM
411 721 647 760 DISPOSITIONIBUS
661 721 736 760 rums
750 722 950 763 eccbesrasmcr
967 725 1030 769 QUAE
1056 727 1115 765 NON

288 797 440 850 naulorum,
452 799 501 836 sab
515 797 625 836 TANTUM
640 798 778 837 EFFEGTUS
793 799 869 838 bears
884 801 1004 839 bonaur.

220 945 296 1004 Tres
310 944 384 1002 sunt
396 941 457 1002 illae
470 939 701 1020 dispositiones,
719 959 832 1018 nempe
849 962 855 1002 :

221 1039 251 1097 l⁰
273 1035 435 1113 Rescripta
448 1036 650 1096 Summarum
662 1033 849 1103 Pontificum
861 1055 869 1108 ;

220 1132 250 1188 2⁰
273 1129 434 1205 Responsa
458 1146 677 1206 supremorum
699 1126 903 1188 tribunalium
927 1128 1116 1192 ecclesiasti-

10 1203 11 1242 ³
110 1253 122 1274 ο
181 1239 310 1294 corum;

217 1317 248 1375 3⁰
269 1315 485 1391 Concordata,
512 1332 582 1394 quae
609 1314 700 1374 sedes
726 1313 899 1392 apostolica
923 1332 997 1374 cum
1017 1316 1115 1378 variis

178 1408 282 1487 regnis
295 1408 362 1470 init.

217 1505 261 1562 De
271 1501 383 1581 quibus
393 1501 425 1561 in
437 1501 568 1563 totidem
577 1499 785 1580 paragraphis
794 1503 825 1562 et
836 1501 964 1580 quidem
974 1500 1117 1564 breviter

179 1614 320 1675 agemus.

361 1739 374 1792 ᾗ
390 1743 406 1780 1.
422 1750 452 1779 nr
468 1749 601 1781 anscarium
613 1749 757 1781 summorum
771 1749 932 1782 ronrrmcmr.

216 1871 367 1933 Voluntas
395 1869 565 1948 principis,
590 1875 731 1950 quaeest
756 1871 946 1950 principium
974 1871 1114 1934 universi

172 1964 252 2045 juris
267 1964 299 2024 in
312 1963 421 2024 ordine
432 1981 499 2040 suo,
511 1982 574 2024 non
585 1967 707 2027 tautum
720 1984 753 2025 se
762 1965 867 2043 prodit
877 1984 934 2043 per
946 1967 1113 2044 generales

177 2057 406 2138 dispositiones,
432 2075 490 2137 per
512 2076 590 2136 quas
611 2058 791 2136 respublica
817 2059 1021 2135 moderatur,
1057 2059 1113 2122 sed

110 2164 114 2178 ¹
177 2151 272 2214 etiam
286 2151 443 2231 perraria
456 2170 608 2230 responsa
622 2151 654 2212 in
669 2151 802 2231 negotiis
819 2151 1029 2227 subditorum,
1043 2171 1113 2214 ma-

176 2245 350 2308 nifestatur.
368 2248 403 2306 lu
417 2245 518 2324 primo
535 2263 609 2306 oasu
633 2245 778 2306 oriuntur
800 2245 886 2324 leges
912 2245 952 2306 de
976 2264 1113 2324 quarum

176 2343 288 2400 natura
302 2339 377 2399 satis
389 2339 506 2399 dictum
519 2339 586 2400 fuit.
603 2341 637 2400 lu
647 2339 786 2400 seeundo
802 2357 877 2398 casu
893 2338 1039 2400 oriuntur
1047 2359 1112 2401 res-

175 2431 286 2508 cripta,
300 2448 434 2508 quorum
459 2434 604 2492 naturam
628 2432 767 2494 breviter
787 2431 1060 2511 investigabimus,
1077 2437 1112 2494 ut

176 2523 374 2584 elementaris
402 2523 457 2584 sed
486 2525 626 2603 perfecta
653 2525 765 2588 notitia
792 2525 947 2586 habeatur
978 2525 1010 2586 iu
1037 2525 1111 2605 jure

175 2620 294 2678 nostro.

215 2713 281 2772 Hoc
301 2714 336 2772 ut
345 2715 545 2790 praestemus,
572 2710 725 2772 distinctis
746 2711 884 2772 numeris
901 2711 1111 2790 expendenda

175 2804 482 2883 suntreseriptorum
500 2825 506 2866 :
523 2808 555 2865 l⁰
571 2804 716 2881 essentia,
735 2808 768 2865 2⁰
783 2805 900 2882 forma,
917 2807 951 2866 3ο
966 2805 1108 2883 speciae,

173 2901 206 2957 4⁰
220 2897 267 2958 vis
280 2915 335 2956 seu
349 2898 453 2974 valor,
467 2902 498 2960 5⁰
514 2897 649 2960 duratio.

212 2992 235 3052 l.
261 2989 304 3050 De
316 2990 524 3072 rescriptorum
539 2991 670 3054 essentie.
685 3026 725 3035 —
741 2991 954 3070 Rescriptum,
976 2991 1001 3052 si
1022 2991 1109 3054 vocis

172 3086 300 3160 etymon
325 3088 512 3162 spectemus
536 3085 614 3145 nihil
634 3084 719 3146 aliud
734 3089 781 3147 est
801 3103 897 3165 quam
919 3103 1109 3163 responsum

172 3177 287 3255 scripto
309 3177 503 3239 mandatum.
522 3180 719 3257 Quapropter
740 3179 871 3258 quilibet
885 3179 961 3238 dum
975 3198 1109 3257 respou-

171 3269 273 3331 dendo
288 3269 412 3348 scribit,
429 3272 604 3350 generatim
615 3272 773 3352 loquendo
788 3271 961 3333 rescribere
977 3271 1104 3334 (licitur.

171 3363 1104 3444 Sedususjurisconsultoruminvaluit,utrescriptinominc,

169 3475 226 3534 per
249 3457 513 3536 antonomasiam,
538 3459 731 3538 significetur
750 3477 937 3539 responsum
962 3459 1103 3539 supremi

170 3548 319 3629 principis
329 3551 444 3629 scripto
460 3551 628 3613 redditum.
