2542 4122
164 271 223 334 w
371 281 603 332 rusrrrurroms
621 281 707 330 runs
728 277 887 328 mmmm.

162 423 247 493 illius
261 425 382 488 eliam
373 424 561 486 imminuere
573 423 831 500 auclcr'dalem,
821 439 886 484 nnc
899 439 972 482 eam
986 418 1098 480 tollere

166 519 217 580 et'
208 538 242 580 ru
251 518 349 580 alium
358 517 529 580 transferre
531 518 638 596 ,quod
646 516 833 580 amensine
846 513 1099 594 aequantium-

163 612 219 677 bili
232 631 327 676 causa
338 612 423 674 licite
435 629 500 673 non
512 611 559 672 fit

520 762 551 800 De
564 761 742 802 emonis.

207 882 302 942 XXX.
324 879 404 941 fllud
424 879 510 958 quod
533 879 573 939 de
600 878 724 940 caeteris
749 876 865 938 dicitur
891 874 1098 949 dioecaeibus,

168 975 207 1035 de
224 992 355 1034 romana
366 990 491 1052 quoquc
506 972 634 1032 dioecesi
648 971 781 1050 intelligi
795 971 902 1046 debet,
918 969 974 1030 ubi
985 971 1101 1030 Roma-

168 1085 227 1128 nus
247 1065 391 1128 Pontifex
405 1065 438 1124 iu
452 1067 606 1144 quantum
624 1069 671 1126 est
688 1067 797 1126 Bomae
814 1064 994 1142 episcopus,
1009 1077 1102 1121 suum

169 1159 265 1220 babet
287 1158 440 1220 vicarium
462 1157 663 1237 generalem,
689 1159 740 1219 cui
765 1155 955 1236 applicanda
972 1153 1104 1214 veniunt

170 1251 276 1314 omnia
293 1270 363 1330 quae
381 1251 465 1312 dicta
481 1255 554 1312 sunt
568 1251 608 1311 de
622 1251 750 1312 vicariis
766 1249 970 1330 generalibus
982 1246 1104 1324 episco-

170 1362 293 1424 purum.
309 1345 386 1404 Duae
400 1347 506 1404 tamen
521 1348 593 1404 sunt
608 1344 760 1422 speciales
774 1342 981 1404 differentia:

210 1439 242 1498 12
263 1437 341 1497 eun
362 1438 522 1496 Romanus
536 1437 697 1513 Pontifex,
713 1436 848 1515 negotiis
865 1435 1021 1495 ffisteutus
1035 1431 1105 1492 uni-

170 1527 299 1590 versalis
311 1529 476 1605 Ecclesia,
491 1547 554 1590 non
569 1530 668 1608 possit
682 1548 754 1590 eam
768 1547 880 1608 gerere
896 1544 1008 1588 curam
1022 1524 1105 1603 epis-

171 1625 301 1700 copatus
323 1622 465 1698 romani,
495 1622 579 1683 sicut
599 1623 738 1701 episcopi
763 1620 951 1696 dioecesani,
975 1618 1051 1680 inde
1069 1619 1105 1678 fit

171 1714 255 1796 quod
270 1713 449 1790 cardinalis,
460 1715 493 1774 in
505 1715 589 1776 Urbe
604 1715 751 1792 vicariae,
768 1719 817 1776 est
831 1713 921 1794 quasi
937 1712 1104 1792 episcopus

172 1813 203 1870 et
216 1807 393 1870 ordinarius
409 1806 513 1884 Urbis,
528 1826 596 1884 seu,
607 1808 681 1870 licet
694 1808 812 1869 vicario
828 1807 972 1882 nomine,
987 1823 1026 1866 ea
1037 1823 1105 1867 cm-

171 1901 224 1962 nia
234 1900 326 1981 gerit,
341 1899 406 1962 sive
421 1900 525 1980 quoad
536 1901 690 1977 ordinem,
706 1901 773 1962 sive
788 1901 894 1980 quoad
910 1898 1104 1980 jurisdictio-

62 1993 65 2000 '
171 2013 245 2056 uem
253 2011 323 2074 quac
331 1993 495 2072 episcopus
503 1993 535 2054 in
544 1993 924 2056 dioecesi.Uudehabetet
933 1991 1105 2071 quemdam

171 2087 337 2167 praelatum
355 2087 430 2150 cirea
450 2094 614 2166 germem,
631 2086 675 2148 sic
699 2087 819 2149 dietum
835 2090 991 2166 tanquam
1012 2102 1104 2146 suurn
1201 2096 1204 2102 ’
1250 2123 1251 2176 l

171 2181 324 2244 vicarium
341 2181 532 2260 generalem.

212 2275 322 2338 Solum
343 2275 384 2334 ab
408 2274 468 2336 hac
488 2273 627 2352 generali
646 2272 815 2334 cardinalis
837 2271 870 2332 in
889 2270 976 2334 Urbe
995 2269 1103 2332 vicarii

171 2370 336 2445 potestate,
351 2367 422 2426 duae
436 2367 633 2445 excipiuntur
646 2365 810 2428 facultates
821 2385 828 2426 :
841 2382 956 2442 nempe
967 2362 1102 2446 visitatio

172 2457 751 2538 apostolicaproquaRomaeinstituta
760 2456 1101 2536 estspecialisS.ll.1l.

172 2550 379 2616 cardinalium
389 2551 603 2631 congregatio,
611 2555 643 2614 et
656 2551 780 2614 collatio
789 2549 1104 2628 beneficiorumque

172 2647 208 2708 lll
222 2644 253 2709 iu
269 2645 393 2708 dataria
405 2645 587 2725 apostolica.
597 2647 632 2706 In
645 2645 724 2722 aliis,
737 2645 811 2706 licet
820 2661 884 2704 nou
899 2645 1009 2704 Romae
1024 2639 1105 2720 epis-

173 2757 280 2817 copus,
291 2738 505 2802 omnimodam
514 2742 620 2800 tamen
632 2738 842 2818 episcopalem
853 2734 1104 2817 jurisdictionem

173 2834 307 2894 exercet.

211 2929 242 2990 2·
262 2923 404 2986 vicarius
425 2924 595 3004 generalis,
619 2923 765 2988 defuncto
787 2923 950 3002 episcopo,
976 2933 1103 2984 omnem

173 3017 287 3082 emittit
301 3019 539 3095 auctoritatem,
559 3017 713 3097 siquidem
735 3017 872 3096 episcopi
890 3019 1010 3092 morte,
1035 3015 1102 3096 ejus

170 3111 345 3195 jurisdictio
370 3111 546 3174 devolvitur
568 3110 609 3171 ad
631 3109 803 3189 capitulum
828 3109 969 3172 ecclesie
996 3108 1102 3170 cathe-

173 3205 269 3268 dralis
273 3205 376 3286 ,quod
385 3225 441 3284 per
453 3203 605 3266 vicarium
618 3203 822 3282 capitularem
835 3203 1022 3268 dioeccsauae
1032 3219 1102 3280 prc-

172 3299 259 3366 videt
245 3298 430 3362 tadminist
417 3298 554 3362 trationi.
573 3297 636 3360 Sed
651 3300 769 3375 Romae,
786 3301 910 3362 mortuo
929 3295 1100 3371 Pontifice,

173 3393 298 3458 diversa
308 3393 363 3454 obt
350 3392 428 3456 tinet
440 3383 614 3470 disciplina.

167 3485 318 3554 Ouum
341 3485 426 3550 euin
446 3483 614 3564 collegium
635 3483 858 3561 cardinalium,
881 3483 913 3548 iu
931 3483 1035 3565 quod,
1058 3481 1106 3546 in·
