2518 4144
306 353 413 402 roomo
439 355 592 406 sarciens
612 355 695 403 rums
717 355 870 404 conamen
1013 343 1053 406 53

124 499 277 582 cipalibus
299 501 419 579 causis,
450 519 520 581 quae
551 519 664 579 nempe
696 500 795 580 ipsam
828 501 1053 580 rempublicam

124 594 286 672 afficiunt,
316 595 355 655 de
388 594 502 674 quibus
528 595 578 656 vel
609 594 641 654 in
667 594 825 656 ordinario
852 595 1055 657 cardinalium

124 689 321 766 consistorio,
334 687 383 749 vel
408 687 440 748 in
467 691 623 749 conventu
648 687 781 749 aliorum
800 690 960 766 pastorum
980 687 1056 748 deli-

123 784 224 858 beret,
239 785 368 844 caeteras
383 800 493 844 causas
513 782 647 843 aliorum
672 780 841 862 cognitioni
865 780 1055 842 demandare

124 877 223 953 solet,
240 874 388 936 institutis
407 875 595 954 quibusdam
612 873 839 951 tribunalibus,
855 893 925 954 quae
950 893 1056 954 supre-

123 987 210 1030 mam
232 967 391 1029 Pontificis
402 968 527 1030 Maximi
544 967 744 1048 judiciariam
765 967 984 1030 auctoritatem
1010 987 1056 1028 re·

124 1064 334 1142 praesentent3
353 1061 486 1140 ideoque
508 1062 593 1141 quod
616 1061 732 1122 abillis
754 1059 931 1141 judicatum
946 1060 1053 1136 buerit,

124 1161 277 1236 tanquam
305 1154 433 1234 abipso
465 1157 605 1218 Romano
629 1153 778 1218 Pontillce
796 1153 971 1235 judicatum
999 1153 1055 1216 ba·

123 1251 250 1311 beatur.

165 1345 286 1404 Horum
298 1341 501 1402 tribunalium
513 1361 664 1422 responsa
675 1345 795 1405 tentam
805 1341 916 1424 injure
926 1347 1057 1421 possunt

124 1435 289 1516 acquirere
311 1435 539 1512 auctoritatem,
552 1439 587 1498 ut
601 1439 752 1516 tanquam
767 1435 981 1515 expressiones
1003 1453 1056 1496 vo·

125 1528 256 1592 luntatis
270 1528 420 1608 principis
436 1547 503 1590 esse
516 1529 693 1592 videantur.

165 1625 211 1683 Dc
226 1621 339 1682 borum
354 1621 558 1682 tribunalium
577 1623 741 1702 speciebus
761 1621 874 1702 primo,
889 1621 1002 1682 deinde
1018 1622 1056 1684 de

123 1715 253 1791 valore,
285 1733 380 1794 quem
405 1713 531 1795 injure
558 1715 700 1777 obtinent
726 1733 836 1777 eorum
860 1714 1055 1791 decisiones,

122 1809 264 1872 breviter
274 1808 473 1872 disseremus.

345 1960 360 2000 l.
372 1961 401 2000 De
411 1959 520 2008 apocletos
528 1969 679 2010 supremorum
689 1961 844 2002 trtbunollun.

165 2085 203 2145 ll.
214 2085 281 2144 Duo
297 2086 370 2144 sunt
381 2101 499 2162 genera
511 2101 730 2163 supremorum
747 2069 1058 2145 tribunaliumeccle·

123 2177 323 2238 siasticomm
334 2197 340 2238 :
351 2177 485 2238 alterum
498 2177 697 2238 constituitur
705 2194 763 2256 per
777 2175 956 2235 auditorium
969 2191 1060 2234 soma

125 2271 224 2346 coto,
242 2271 375 2331 alterum
388 2270 581 2332 constituunt
592 2271 699 2350 plures
715 2267 953 2349 conprepotioueo
971 2269 1002 2329 S.
1021 2267 1057 2328 R.

124 2363 273 2426 Ecclesiae
291 2364 508 2426 cardinalium.
538 2364 679 2426 Breviter
701 2364 740 2424 de
760 2367 893 2443 utroque
918 2361 1060 2425 tribuna·

124 2458 203 2518 lium
218 2475 335 2536 genere
349 2458 524 2537 loquemur.

167 2555 200 2612 1⁰
221 2551 293 2611 lam
315 2551 368 2610 diu
387 2551 427 2611 ab
448 2550 633 2631 antiquitate
650 2555 880 2612 consueverunt
894 2549 1059 2611 Pontifices

125 2643 253 2706 Maximi
282 2643 419 2722 plurium
445 2643 680 2722 capellanorum
701 2663 760 2722 ope
773 2643 916 2723 adjuvari
932 2642 964 2701 in
986 2643 1061 2702 dell-

125 2735 250 2798 niendis
260 2735 297 2796 iis
306 2735 526 2798 controversiis
535 2755 612 2816 quas
621 2755 710 2798 sacro
724 2735 930 2797 cardinalium
939 2733 1060 2795 consis-

124 2830 207 2894 torio
223 2847 286 2890 non
304 2829 518 2891 reservabant.
537 2829 635 2910 Hujus
654 2829 740 2890 modi
756 2827 909 2908 capellani
927 2846 1061 2908 quorum

124 2942 277 2986 numerus
292 2927 360 2985 erat
372 2923 641 3001 indeterminatus,
655 2941 767 3002 nempe
784 2923 825 2984 ad
841 2921 965 2983 libitum
980 2925 1061 2982 Pon-

124 3019 229 3096 tificis‚
250 3017 366 3097 quique
385 3036 423 3077 ex
441 3016 586 3078 omnibus
610 3016 695 3077 orbis
717 3016 862 3078 catholici
882 3015 1062 3078 nationibus

125 3112 325 3191 eligebantur
335 3110 376 3171 ad
389 3110 449 3172 hoc
461 3113 495 3170 ut
505 3109 544 3170 de
559 3110 755 3190 singulorum
766 3111 907 3172 locorum
921 3109 1062 3170 moribus
1158 3167 1164 3176 ,

125 3204 271 3266 Pontifex
294 3203 405 3264 instrui
431 3203 567 3280 valeret,
601 3203 786 3266 dicebantur
815 3201 962 3264 auditores
986 3200 1065 3262 socri

120 3295 235 3378 palatii
247 3296 417 3378 apostolici,
433 3314 521 3356 exeo
536 3297 621 3376 quod
636 3295 686 3358 isti
706 3297 875 3376 capellani,
893 3301 1062 3373 antequam

126 3409 239 3453 causas
254 3391 313 3452 sibi
326 3391 508 3452 commissas
523 3390 664 3452 Pontifici
685 3390 850 3468 referrent,
873 3390 980 3466 illique
1001 3386 1063 3445 suf·

124 3485 265 3566 fragium
287 3488 319 3546 et
348 3485 513 3548 consilium
537 3503 629 3544 suum
655 3484 844 3564 praeberent,
870 3482 954 3560 ipsas
979 3479 1063 3539 intra

124 3578 236 3660 palatii
257 3578 421 3659 apostolici
444 3579 528 3641 aedes
550 3577 660 3639 audire
682 3577 825 3640 solebant
845 3575 960 3653 partes.
986 3571 1062 3636 lude
