2518 4144
208 357 248 418 st
421 365 651 415 rrsrrrurrorss
672 371 754 417 runis
777 369 930 416 conamur.

210 512 382 592 repetenda
395 510 520 573 videtur
531 512 701 591 originaria
720 533 816 576 causa
837 513 982 575 sessionis
1002 515 1148 595 magistri

211 611 243 670 S.
261 609 295 668 P.
318 607 354 667 A.
379 605 411 665 in
428 605 532 666 medio
550 606 730 668 auditorum
746 609 777 670 S.
800 611 835 670 R.
852 608 883 669 in
897 608 1028 688 capellis
1043 610 1150 688 ponti-

212 701 301 762 ficiis

251 795 313 856 Sed
322 793 472 873 paulatim
481 792 615 854 obtinuit
626 797 661 854 ut
674 795 841 873 praesentia
852 793 1011 855 Pontificis
1020 796 1149 857 Maximi

211 890 251 950 ab
268 887 448 968 hujusmodi
466 885 674 948 tribunalibus
689 889 863 965 recesserit,
885 891 1041 948 eteorum
1058 889 1150 950 audi-

209 987 314 1046 torum
343 981 510 1060 collegium
541 981 773 1060 quodammodo
800 984 982 1060 separatum
1008 983 1149 1043 tribunal

211 1073 407 1137 constituerit
430 1074 514 1153 quod
538 1077 690 1153 tanquam
719 1093 901 1152 supremum
925 1075 1046 1135 Summi
1067 1077 1149 1135 Pon-

210 1169 301 1231 tifieis
320 1167 457 1230 tribunal
476 1171 727 1247 repraesentaret.
750 1170 837 1228 Tunc
857 1167 1040 1248 hujusmodi
1061 1168 1150 1228 audi-

210 1267 305 1339 torcS,
320 1280 393 1322 cum
404 1261 436 1321 in
451 1280 542 1342 gyro,
557 1280 612 1322 seu
630 1261 661 1320 in
680 1264 761 1338 rota,
778 1261 888 1321 sedere
914 1261 1148 1337 consueverint,

210 1355 348 1418 tribunal
385 1373 482 1416 sacrae
514 1357 601 1415 Itotae
632 1355 772 1433 Ipsorum
801 1354 976 1434 nuncupari
1002 1354 1152 1416 usuvenit

212 1449 425 1528 congregatio.
1028 1507 1030 1510 .

250 1545 394 1621 Ipsorum
406 1545 512 1603 autem
525 1559 674 1602 numerus
688 1541 740 1621 qui
768 1543 861 1602 antea
886 1541 1150 1603 indeterminatus

212 1639 289 1712 erat,
309 1653 366 1713 per
381 1635 502 1697 Sixtum
522 1653 637 1714 papam
656 1636 697 1697 IV
715 1634 755 1695 ad
771 1637 825 1694 XII
842 1634 1017 1712 praefinItus
1032 1637 1091 1711 est,
1113 1653 1152 1693 ex

212 1729 325 1808 quihus
336 1730 405 1788 VIII
420 1747 457 1787 ex
471 1727 568 1788 Italiae
583 1725 734 1805 partibus,
753 1727 858 1788 caeteri
875 1745 950 1788 vero
967 1727 1148 1788 exdirersis

213 1821 298 1882 orbis
315 1819 459 1880 catholici
474 1819 655 1897 regionibus
668 1821 875 1899 eligebantur.

252 1915 303 1974 III.
326 1914 403 1973 (lum
420 1915 526 1972 autem
546 1912 642 1973 hocce
660 1916 746 1974 Rotae
762 1933 901 1975 romana
918 1914 1058 1974 tribunal
1081 1915 1151 1974 infi-

216 2005 288 2066 nitis
301 2023 380 2083 pene
391 2004 534 2084 negotiis,
553 2023 622 2084 quae
639 2006 793 2085 adipsum
810 2006 1044 2084 deferebantur,
1058 2008 1151 2068 obru-

216 2103 283 2161 tum
295 2101 483 2175 remaneret,
507 2115 578 2159 cum
598 2097 717 2160 scilicet
732 2099 793 2159 alia
812 2099 980 2160 tribunalia
1001 2119 1152 2179 suprema

216 2193 356 2255 nondum
382 2192 523 2254 instituta
542 2192 681 2269 fuerant,
707 2193 832 2254 dlversa
855 2194 917 2254 alia
938 2193 1152 2254 tribunaliaa

217 2290 306 2348 Rom.
338 2286 507 2362 Pontifice,
534 2289 627 2363 prout
651 2290 830 2364 temporum
851 2287 1095 2348 circumstantiae
1120 2286 1150 2346 id

216 2379 374 2457 postulare
387 2377 584 2454 videbantur,
600 2377 741 2440 instituta
755 2383 842 2453 sunt;
857 2380 940 2460 quod
951 2380 1151 2459 potissimum

216 2470 330 2532 accida
348 2488 418 2530 saec.
437 2472 516 2546 XVI,
545 2490 641 2550 quum
661 2471 778 2533 scilicet
797 2473 937 2534 Ecclesia
962 2477 1152 2534 novatorum

216 2563 335 2625 insidiis
355 2563 605 2625 subvertebatur.
629 2565 703 2636 Ouae
722 2565 963 2628 circumstantiae
983 2571 1151 2626 suaserunt

216 2660 274 2719 PP.
298 2657 370 2719 MM.
394 2675 506 2735 nempe
524 2657 620 2717 Paulo
636 2659 688 2734 III,
705 2657 759 2718 Pio
775 2660 827 2734 IV,
848 2658 934 2720 Sixto
950 2659 1022 2721 Vct
1040 2677 1151 2720 eorum

216 2750 458 2826 successorium,
475 2753 511 2810 ut
526 2750 672 2830 quaedam
685 2749 924 2812 inst'tuerentur
936 2751 1072 2830 collegia
1086 2771 1151 2813 ear-

217 2844 367 2919 dinaIItia,
400 2861 534 2922 quorum
569 2843 699 2921 singulis
731 2843 837 2922 aliqua
866 2843 1152 2906 ecclesiasticorum

217 2936 414 3016 negotiorum
426 2936 546 3014 species
561 2935 702 3014 gerenda
717 2937 974 2998 committeretur.

256 3031 345 3092 Unde
369 3030 473 3108 plnres
494 3032 571 3090 ortae
596 3033 668 3090 sunt
685 3029 729 3090 sic
760 3030 851 3091 dictae
875 3031 1149 3109 congregationes,

216 3141 328 3202 nempe
344 3124 375 3184 S.
394 3122 505 3198 Officii,
519 3121 644 3199 Indicis,
660 3122 879 3201 episcoporum
897 3127 928 3184 et
942 3124 1148 3202 regularium,

166 3218 168 3223 ’
216 3215 348 3291 concilii,
366 3218 439 3292 etc,
461 3233 531 3294 quae
546 3234 609 3276 non
627 3219 749 3276 tantum
770 3216 809 3276 de
832 3216 966 3296 negotiis
984 3217 1044 3277 sibi
1066 3235 1152 3278 com-

215 3310 317 3370 missis
337 3309 490 3369 haberent
504 3307 816 3386 administrationem,
834 3310 889 3369 sed
907 3312 939 3369 et
958 3310 997 3369 de
1019 3310 1058 3370 iis
1073 3310 1152 3390 diju-

216 3403 356 3484 dicandis
371 3405 493 3481 partem
506 3420 569 3462 non
582 3401 756 3464 mInimam.
776 3404 814 3463 at
828 3421 900 3464 cum
919 3403 1053 3464 istarum
1074 3421 1151 3465 con—

215 3497 434 3575 gregationum
453 3495 608 3574 judicium
631 3513 694 3554 non
716 3499 798 3556 esset
824 3496 977 3575 superiori
1000 3496 1150 3558 tribunali

217 3588 403 3666 subjectum,
426 3590 502 3665 quot
520 3587 779 3665 congregatIones
799 3587 1005 3649 cardinalium
1025 3593 1073 3652 tot
1100 3609 1152 3651 su-
