2542 4122
224 299 285 362 ms
434 311 665 362 msrnurmuas
685 314 768 362 aunis
790 313 945 362 cruorum.

265 460 319 520 lta
335 462 366 520 at
387 458 585 538 episcopatus
598 457 769 537 provinciae
790 459 840 520 vel
858 456 1010 532 nationis,
1033 453 1160 534 quando

223 552 314 634 juxto
327 570 454 614 normas
464 551 545 632 juris
560 552 761 612 ecclesiastici
772 553 858 631 quod
867 568 924 630 pro
935 549 1081 610 ecclesiis
1093 567 1160 626 pro

226 645 336 708 vincia
360 645 411 706 vel
424 629 558 706 nationis
580 645 680 704 latum
704 648 765 722 est,
794 647 918 706 servato
938 641 1160 719 dependentia

226 738 350 800 vinculo
360 755 436 816 erga
444 736 843 814 patriarcham,primatem
851 737 900 797 vel
911 735 1159 812 metropolitam,

226 830 290 892 suis
315 829 453 890 ecclesiis
476 828 652 903 intendunt,
679 835 808 907 propter
822 827 973 888 unionem
988 827 1161 887 voluntatis

227 920 430 997 habitualem,
446 939 515 1000 quae
531 920 658 998 respicit
669 921 788 982 bonum
805 920 1095 998 totiusprovinciae
1116 919 1161 978 vel

227 1013 372 1090 nationis,
384 1013 479 1092 etipsi
486 1014 516 1072 in
528 1012 663 1074 solidum
674 1017 704 1074 et
711 1033 768 1092 pro
779 1017 869 1092 parte
878 1031 937 1072 sua
948 1012 1060 1091 aliquo
1072 1031 1160 1072 sensu

228 1105 520 1170 ccclesiasnationis
534 1107 584 1166 vel
596 1105 766 1185 provinciae
781 1106 972 1184 gubernant.

268 1200 331 1262 Sed
354 1203 401 1260 est
416 1199 510 1260 etiam
532 1198 564 1258 in
585 1199 656 1279 jure
672 1199 785 1259 modus
798 1197 868 1277 ‘quo
891 1197 1070 1274 actualiter,
1093 1197 1161 1258 licet

227 1300 313 1353 entra
336 1291 466 1352 ordinem
484 1291 552 1352 haeo
575 1292 773 1352 voluntatum
796 1291 956 1351 obtinetur
977 1291 1158 1365 concordia,

229 1401 341 1461 nempe
357 1384 384 1444 si
398 1383 579 1444 universum
589 1385 769 1463 collegium,
787 1383 846 1444 sub
858 1383 961 1460 capite
975 1402 1036 1444 suo
1053 1385 1159 1445 consti-

227 1478 341 1552 tutum,
361 1475 393 1536 iu
412 1494 511 1536 uuum
531 1477 698 1538 conveniat
710 1477 827 1554 locum,
851 1477 907 1536 ubi
922 1477 1160 1538 communicatis
1241 1529 1242 1552 ,

228 1568 364 1630 consiliis
376 1568 415 1629 de
430 1588 464 1630 rc
477 1570 625 1631 Ecclesiae
646 1570 706 1631 sibi
720 1571 895 1632 commisse
917 1569 1109 1632 deliberent.
1126 1570 1159 1629 lli

227 1665 388 1740 pastorum
394 1661 730 1740 Ecclesiaeccnvcntus,
741 1681 845 1742 graece
853 1661 975 1740 coniti,
983 1664 1084 1724 latine
1093 1681 1159 1724 cou-

228 1753 300 1814 cilia
307 1759 459 1814 vocantur
474 1773 480 1814 :
498 1755 704 1832 quitamenut
717 1756 856 1835 legitime
869 1757 1064 1834 habeantur,
1074 1757 1160 1835 plura

228 1846 404 1926 requirunt,
423 1846 462 1908 de
475 1847 588 1926 quibus
600 1867 684 1908 nunc
693 1851 740 1908 e'st
751 1847 982 1932 disserendum.

268 1941 305 2002 V.
322 1940 395 2001 Trla
407 1943 479 2002 sunt
494 1958 563 2020 quae
571 1940 644 2021 juro
655 1941 861 2020 requiruntur
874 1946 909 2003 ut
922 1943 1068 2021 synodus
1083 1942 1157 2020 legi-

228 2034 303 2096 time
316 2033 400 2096 theta
417 2032 548 2110 dicatur,
566 2032 712 2094 videlicet
732 2053 739 2094 ε
759 2035 790 2094 10
810 2036 1014 2112 convocatio,
1032 2040 1066 2096 2·
1082 2035 1159 2096 cele-

229 2126 347 2205 bratio,
364 2128 395 2188 3⁰
410 2125 616 2188 confirmatio.

270 2219 443 2282 Consecutio
453 2219 567 2280 dicitur.
577 2219 703 2298 publica
709 2220 866 2283 intimatio
877 2240 897 2282 a
906 2222 1074 2300 superiore
1081 2223 1160 2282 facta

228 2313 374 2374 omnibus
393 2313 432 2372 dc
454 2312 606 2390 collegio,
631 2316 666 2373 ut
690 2315 849 2393 synodus,
874 2321 958 2376 certo
978 2316 1013 2375 in
1036 2316 1108 2376 loco
1133 2318 1162 2374 ct

229 2406 345 2464 statuto
356 2408 496 2482 tempore
508 2404 693 2468 celebretur.
708 2408 753 2467 De
762 2407 834 2488 jure
848 2412 896 2468 est
907 2409 994 2487 quod
1005 2411 1037 2469 et
1048 2425 1161 2480 convc-

230 2495 386 2558 oatiofieri
398 2495 521 2556 debota
533 2499 837 2576 Romanopoutificc,
852 2500 879 2560 si
894 2518 963 2579 quae
975 2500 1162 2580 congregari

228 2590 304 2652 volit
321 2589 459 2669 synodus
481 2590 689 2669 oecumenicaj3
707 2609 727 2650 a
745 2592 941 2671 patriarcha,
958 2593 1096 2671 primate
1112 2593 1158 2654 vel

227 2683 435 2761 metropolita,
452 2683 479 2744 si
492 2683 631 2760 synodus
644 2685 841 2763 particularis
855 2686 1082 2766 congreganda
1097 2689 1156 2760 est,
1241 2745 1242 2770 ,

229 2775 295 2835 sive
308 2776 484 2852 nationalisi,
501 2775 566 2836 sive
581 2777 781 2854 provincialis
798 2779 992 2856 respective;
1020 2778 1062 2838 ab
1082 2779 1158 2856 cpis-
1241 2781 1242 2852 l

230 2884 308 2945 copo
331 2871 446 2945 autem,
469 2868 496 2928 si
512 2868 551 2928 de
577 2869 698 2947 synodo
721 2870 900 2932 dioecesana
917 2890 1022 2933 sermo
1038 2872 1089 2933 sit.
1108 2871 1159 2932 Isti
1241 2871 1242 2940 ξ

229 2961 313 3022 cuim
331 2964 403 3022 sunt
415 2962 588 3039 respective
610 2963 794 3042 superiores
807 2965 932 3043 collegii
943 2965 1030 3044 quod
1052 2966 1086 3025 in
1106 2963 1159 3026 tali

230 3055 349 3133 synodo
366 3056 551 3134 congregari
563 3055 689 3118 habeat.

268 3149 341 3210 Pari
354 3148 449 3210 modo
462 3148 623 3210 descendit
633 3150 717 3228 quod
732 3151 885 3212 intimatio
896 3151 1010 3229 synodi
1024 3167 1157 3212 oecumc

229 3242 292 3304 nioi
308 3242 377 3302 fieri
403 3239 517 3302 debeat
537 3241 681 3303 omuibus
707 3244 792 3305 orbis
814 3243 962 3304 catholici
984 3243 1156 3323 episcopis;

228 3335 437 3414 particularis,
450 3334 616 3395 nationalis
635 3354 749 3416 nempe
761 3337 811 3398 vel
830 3337 1044 3416 provincialis,
1060 3335 1158 3396 omui-

229 3427 288 3488 bus
313 3427 449 3490 nationis
482 3427 533 3488 vel
566 3429 735 3506 provinciae
764 3430 933 3510 episcopis;
971 3429 1162 3490 dioecesano

230 3519 374 3584 omnibus
393 3519 568 3582 dioeceseos
577 3519 710 3600 clericis,
727 3521 954 3604 iispraesortim
967 3523 1073 3603 quiin
1087 3536 1154 3605 par·
