2502 4130
185 307 244 370 306
397 321 628 374 rusutnuonrs
648 323 733 370 runs
754 318 910 374 conemur.

185 464 293 529 stitute
305 467 379 530 sunt
393 465 576 545 simpliciter
592 467 633 528 ad
648 467 709 528 hcc
724 471 759 528 ut
770 465 909 530 habeant
923 463 1134 530 administre-

184 558 303 620 tionem
318 557 484 638 cujusdam
495 560 610 638 peculii
625 555 848 635 ecclesiastici,
866 559 976 620 favore
996 559 1133 620 fabrica

186 651 391 718 ecclesiarum
402 653 700 732 impendentium
710 653 844 731 collegia
854 653 957 712 solent
972 651 1005 710 in
1022 652 1135 718 Galliis

186 745 317 824 aliisque
329 745 406 806 locis
414 745 737 824 fabricoenuncupari3
751 745 783 805 in
791 745 918 806 Etruria
935 763 1014 806 vero
1026 763 1130 826 opera.

187 840 262 902 Haec
270 841 376 900 autem
384 839 537 902 institutio
547 858 608 901 non
619 839 699 902 adeo
710 842 832 900 remota
842 844 900 915 est,
909 841 940 898 et
949 839 1133 916 praesertim
1246 831 1247 836 ’

186 949 315 997 causam
337 932 449 994 habuit
465 951 504 994 ex
528 933 763 1012 depraedatione
782 931 939 993 bonorum
962 931 1132 994 ecclesias·

186 1027 320 1088 ticorum
340 1044 410 1105 qnae
432 1025 588 1104 aliquibus
614 1025 646 1086 in
668 1025 745 1086 locis
769 1023 914 1085 obtinuit.
942 1024 1053 1101 Laici,
1071 1026 1129 1088 sub

185 1119 404 1198 episcoporum
416 1118 599 1195 directione,
610 1117 642 1177 in
652 1117 807 1198 quasdam
819 1117 989 1178 societates
1003 1118 1130 1178 coalue-

185 1215 268 1288 mnt,
278 1230 346 1272 sese
358 1211 398 1272 ad
409 1211 580 1290 quamdam
592 1211 734 1289 pecuniae
745 1227 903 1272 summam
912 1210 1129 1288 colligendam

185 1305 435 1384 servandamque
444 1304 630 1382 obligantes,
639 1307 675 1366 ut
685 1304 904 1366 corruentibus
918 1303 1130 1364 ecclesiarum

184 1396 311 1458 fabricis
334 1400 366 1458 et
392 1397 517 1458 illarum
543 1397 736 1458 ornamentis
759 1397 934 1458 subsidium
960 1399 1126 1458 afferrent

184 1493 257 1552 Haec
265 1489 398 1568 collegia
409 1508 471 1552 non
484 1491 603 1554 habent
613 1489 671 1552 nisi
681 1509 802 1555 meram
816 1489 1128 1552 administrationem

183 1581 278 1662 hujus
291 1582 405 1661 peculii
418 1584 502 1663 quod
517 1602 573 1662 pro
589 1583 716 1646 fabricis
732 1582 937 1644 ecclesiarum
951 1584 1129 1644 conflatum

183 1681 231 1738 est
244 1678 275 1736 et
288 1675 347 1736 snb
363 1676 502 1754 episcopi
522 1675 695 1737 directione
717 1674 1015 1739 administrandum.
1035 1677 1129 1737 Gom-

183 1768 290 1847 parari
322 1771 454 1846 possunt
486 1768 684 1832 clericalibus
720 1767 838 1830 ordinis
877 1767 1128 1836 administrativi

185 1860 334 1940 collegiis.

533 2005 702 2069 'll'lULUS
724 2007 776 2067 lll.

480 2183 520 2226 nn
542 2183 638 2228 srnru
659 2183 821 2229 nasutum.
896 2195 904 2206 α

223 2328 330 2390 Status
343 2327 394 2388 ille
405 2330 508 2406 potest
521 2327 579 2388 sub
595 2326 714 2405 duplici
727 2330 856 2406 aspectu
871 2329 1081 2406 considerari,
1090 2329 1123 2390 in

181 2435 297 2495 genere
309 2417 455 2480 videlicet
462 2425 493 2482 et
506 2422 539 2482 in
552 2420 655 2499 specie
669 2440 675 2480 :
691 2419 722 2479 in
731 2439 847 2498 genere
856 2427 887 2480 et
897 2420 929 2480 in
945 2421 1121 2498 abstracte,

182 2509 419 2589 praescindendo
446 2530 465 2572 a
486 2513 590 2574 studio
615 2512 700 2592 quod
714 2516 827 2592 gerant
841 2513 957 2592 singuli
975 2513 1123 2580 homines

181 2603 386 2683 assequendae
408 2605 608 2684 perfectionis
624 2606 707 2666 vela
724 2605 876 2684 gradibus
899 2606 1014 2686 quibus
1033 2606 1069 2666 in
1084 2625 1123 2668 ea

180 2697 400 2776 profeceruut3
413 2699 446 2760 in
458 2698 561 2777 specie
572 2701 603 2760 et
615 2698 647 2766 in
663 2702 821 2775 concreto,
836 2699 865 2758 si
878 2701 977 2763 status
988 2700 1122 2762 moretis
1243 2685 1244 2712 ³

68 2789 73 2798 '
182 2795 214 2852 et
227 2790 382 2856 asceticus
396 2793 593 2871 singulorum
608 2802 715 2852 coram
727 2793 792 2852 Deo
808 2791 1016 2870 expendetur.

221 2884 294 2944 Haec
309 2887 416 2944 autem
434 2885 574 2946 secunde
586 2884 785 2964 investigatio
800 2885 924 2952 excedit
934 2885 1050 2949 limites
1064 2905 1121 2966 ge-
1242 2927 1243 2932 η

181 2975 297 3038 neralis
308 2977 513 3055 tractationis,
525 2983 669 3058 essetque
678 2975 797 3038 homini
810 2976 1025 3056 impossibilis
1039 2980 1120 3045 Gon-

181 3069 329 3134 sideratio
349 3070 432 3138 enim
452 3070 567 3132 interni
587 3073 687 3132 status
704 3069 901 3148 singulorum
921 3089 1030 3142 corum
1052 3074 1117 3134 Deo

182 3164 342 3226 constituit
354 3162 512 3244 objectum
527 3162 612 3241 quod
628 3162 791 3227 scientiam
805 3167 946 3227 nostram
960 3165 1037 3226 latet
1050 3183 1119 3226 om-

181 3258 266 3336 nino,
282 3256 437 3337 siquidem
448 3273 511 3320 non
521 3259 644 3317 tantum
659 3256 803 3332 aliorum,
818 3255 875 3316 sed
885 3259 916 3317 et
930 3260 1038 3324 noster
1049 3257 1118 3336 ipse

181 3354 281 3414 status
293 3350 421 3412 moralis
432 3367 539 3411 coram
548 3350 613 3410 Deo
630 3348 793 3428 nosfugit;
811 3347 906 3412 homo
922 3350 1119 3412 enimnescit

183 3461 223 3504 an
237 3462 344 3506 amore
358 3443 408 3504 vel
422 3442 494 3507 odio
510 3442 624 3520 dignus
637 3442 686 3504 sit.

221 3534 452 3600 [tractationem
466 3534 561 3612 igitur
575 3533 614 3597 de
629 3538 713 3606 stetu
734 3535 936 3616 perfectionis
951 3535 983 3606 in
998 3553 1116 3618 genere
