2518 4144
199 324 237 390 u
407 335 638 386 rosnrurronre
659 337 741 384 rums
763 333 918 384 cruorum.

202 499 264 565 qua
284 479 407 561 integra
424 481 603 562 respublica
619 479 817 544 constituitur
834 500 840 540 :
858 477 1036 540 constantia
1059 495 1138 558 ergo

200 575 291 638 sicuti
307 577 517 638 necessarium
535 581 582 639 est
596 575 675 656 legis
688 574 883 650 attributum,
899 572 944 633 ita
959 574 990 634 et
1003 589 1139 633 consue·

200 668 327 736 tudinis.
341 671 538 749 Quapropter
554 671 607 730 ubi
622 689 685 732 uon
700 667 816 731 fuerint
829 685 932 727 mores
947 665 1136 740 uniformeS,
1239 677 1240 680 ’

201 767 448 843 perseverantes,
466 763 569 841 prouti
591 782 654 824 non
669 762 796 825 stabiles
818 779 880 822 non
898 762 1032 839 possunt
1048 760 1138 838 legas
1240 771 1241 780 ¹

202 875 239 920 ex
263 875 388 918 rimare.

240 875 275 1011 ἕο
296 953 363 1011 Non
383 949 498 1013 sufficit
520 952 625 1012 autem
642 953 676 1012 ut
693 967 797 1010 mores
814 948 876 1009 sint
890 947 1095 1008 rationabiles
1108 951 1138 1008 et

203 1047 391 1106 constantes.
414 1047 544 1123 Oportet
563 1044 657 1106 etiam
678 1047 713 1104 ut
732 1043 793 1104 sint
812 1059 982 1102 communes.
1005 1039 1139 1120 Subjec-
1243 1085 1244 1088 ,

203 1141 270 1200 tum
285 1135 368 1196 enim
382 1137 460 1215 legis
482 1137 689 1199 communitas
706 1139 769 1210 est3
789 1138 956 1215 propterea
974 1137 1010 1194 ut
1031 1152 1139 1195 mores
1244 1154 1245 1178 r

99 1275 105 1286 .
204 1229 379 1308 exprimant
392 1229 495 1309 legem
516 1231 548 1290 in
565 1230 681 1311 populo
701 1231 870 1309 receptam,
891 1245 1019 1288 necesse
1042 1231 1140 1290 estut
1245 1275 1246 1286 ,

203 1339 306 1384 mores
321 1340 383 1383 non
396 1341 453 1403 pro
473 1343 536 1384 una
549 1325 599 1386 vel
614 1324 714 1385 altera
727 1325 816 1402 parte
831 1321 999 1398 societatis,
1008 1322 1066 1382 sed
1080 1341 1138 1401 pro

203 1415 327 1496 integra
347 1416 495 1479 societate
517 1417 634 1496 recepti
654 1416 781 1478 fuerint.
804 1415 976 1477 introducti
999 1415 1063 1476 sint
1082 1415 1139 1495 igi-

201 1499 255 1570 'lur
269 1528 372 1571 mores
384 1511 434 1571 vel
448 1511 480 1570 in
493 1510 661 1574 universali
676 1509 836 1586 societate,
851 1508 876 1568 si
892 1507 996 1587 agitur
1008 1507 1048 1568 de
1064 1527 1141 1569 con-

204 1602 368 1666 suetudine
389 1603 572 1682 universali,
589 1603 640 1665 vel
658 1603 690 1663 in
711 1601 903 1682 particulari,
929 1601 954 1661 si
974 1601 1082 1680 agitur
1100 1602 1140 1662 do

206 1695 430 1758 consuetudine
455 1701 574 1760 tantum
595 1695 792 1777 particulari,
815 1715 845 1756 v.
872 1714 903 1775 g.
928 1713 998 1774 quae
1023 1695 1056 1754 in
1076 1715 1141 1757 una

205 1791 328 1852 tantum
342 1789 515 1868 provincia,
529 1791 580 1851 vel
597 1789 724 1851 dioecesi
745 1787 913 1866 obtinetur,
930 1807 1059 1850 necesse
1080 1793 1137 1851 est.

246 1884 278 1941 4⁰
299 1882 431 1942 Necesse
448 1886 495 1944 eat
505 1882 601 1946 etiam
615 1887 650 1944 ut
662 1901 765 1944 mores
780 1882 1059 1961 apprehendantur
1071 1887 1141 1945 tan-
1250 1899 1251 1916 ³

207 1991 302 2053 quam
314 1973 475 2036 moraliter
488 1975 668 2055 obliquatos,
684 1975 750 2037 sive
762 1974 814 2056 jus
833 1976 918 2055 quod
932 1975 1138 2055 constituunt,

206 2066 246 2128 sit
280 2068 505 2146 praeceptivum
531 2069 581 2130 vel
611 2068 830 2148 permissivum
857 2089 863 2128 :
892 2068 942 2128 lex
967 2069 1051 2130 enim
1077 2089 1140 2131 non

207 2159 380 2241 concipitur
393 2162 452 2224 nisi
475 2163 629 2243 exprimat
648 2161 873 2241 obligationem
888 2162 937 2222 vel
956 2161 1141 2225 facultatem
1252 2201 1253 2236 r

206 2256 494 2336 moralemagendi.

245 2351 277 2409 5⁰
299 2350 431 2409 Necesse
458 2352 505 2410 est
528 2353 563 2410 ut
586 2367 690 2411 mores
718 2347 780 2410 sint
804 2348 965 2429 conformes
994 2349 1145 2410 voluntati

201 2439 366 2521 principia·
380 2441 524 2502 voluntas
549 2442 633 2502 enim
656 2443 709 2503 illa
732 2445 779 2502 est
793 2442 863 2502 fons
887 2441 1048 2521 proximus
1060 2443 1142 2523 juris

207 2532 348 2610 humani,
362 2536 394 2594 et
407 2534 473 2594 sine
486 2534 546 2595 hac
560 2536 720 2597 voluntate
733 2535 784 2594 lex
799 2535 994 2615 apprehendi
1009 2537 1141 2597 minime

207 2628 318 2707 potest.
329 2627 410 2689 'Hac
425 2631 531 2690 autem
552 2629 697 2691 voluntas
714 2627 862 2708 principis
883 2648 946 2690 non
961 2629 1057 2692 debet
1073 2649 1142 2692 esse

207 2740 286 2782 mero
293 2720 453 2801 patientia,
470 2722 526 2782 sed
538 2723 682 2784 voluntas
695 2721 821 2783 omnino
831 2721 940 2783 libera.

247 2815 299 2874 IX.
324 2813 449 2893 Triplex
470 2817 573 2894 potest
599 2815 748 2894 distingui
776 2815 956 2896 hujusmodi
980 2817 1140 2895 voluntem

207 2905 326 2968 scilicet
340 2925 498 2986 expressa,
515 2908 620 2986 tacita,
634 2907 769 2988 denique
784 2912 995 2988 praesumpta:

247 3000 401 3081 Eaprecso
427 3000 542 3062 dicitur
566 3001 716 3080 principis
739 3003 906 3079 voluntas,
930 3001 955 3063 si
981 3001 1140 3083 princepe,

209 3093 367 3172 conceptis
382 3093 486 3155 verbis
501 3094 550 3154 vel
563 3093 697 3172 scriptia,
709 3094 761 3175 jus
773 3095 913 3157 moribus
927 3095 1143 3157 introductum

209 3186 402 3266 promulget;
417 3205 478 3267 quo
489 3186 570 3248 lacto
577 3186 630 3267 jus
638 3206 699 3248 non
709 3188 860 3267 scriptum
871 3189 906 3249 fit
915 3189 967 3269 jus
975 3189 1139 3270 scriptum.

252 3279 353 3342 Tacito
368 3279 492 3358 dieitur,
503 3280 528 3342 si
544 3280 689 3361 princeps
704 3281 805 3343 sciens
820 3286 851 3344 et
864 3282 1003 3361 prudens
1017 3282 1142 3345 silentio

209 3376 364 3456 approbat
378 3375 463 3455 quod
478 3392 567 3435 secus
580 3378 686 3452 posset
693 3378 725 3436 et
739 3374 869 3438 deberet
883 3375 1064 3455 reprobari:
1078 3394 1142 3456 quo

210 3486 296 3546 casu,
311 3469 416 3548 ipsum
430 3467 580 3547 principis
593 3467 750 3530 silentium
760 3469 940 3530 manifestat
951 3469 1019 3548 ejus
1029 3469 1143 3532 volun-

209 3562 307 3621 tatem
319 3580 327 3636 ;
