2540 4132
197 311 255 378 ita
406 323 637 374 nsnrrnosns
657 321 740 370 rurus
762 319 916 368 usnemu.

198 474 337 555 propter,
351 469 456 551 prouti
474 469 526 549 jus
536 468 694 547 singulare
706 463 878 545 dirigendis
889 463 1031 524 moribus
1044 462 1136 524 nnius

198 565 379 648 reipublice
393 565 442 626 vel
455 563 552 626 cultui
572 563 664 624 unius
674 559 834 640 religionis
847 555 1132 634 accommodatum,

197 665 365 746 postquem
390 659 543 738 sanguine
569 657 683 720 Christi
711 659 834 716 Novum
858 652 1062 732 obsignatum
1088 655 1134 713 est

197 756 443 830 Testamentum,
448 747 927 832 judsioarespuhlicedissolute,
936 745 1133 806 omnemvim

202 847 317 912 amisit.

239 943 308 1003 Non
319 943 426 1002 tamen
436 937 612 1018 putandum
625 939 672 999 est
683 935 789 997 omnia
801 937 832 995 et
843 933 967 1012 singula
976 935 1136 1010 praecepta

200 1031 426 1099 ceremoniale
437 1035 469 1093 et
475 1030 633 1110 judicialis
642 1029 722 1109 juris
732 1030 770 1091 V.
783 1030 818 1088 T.
831 1026 927 1086 fuisse
939 1025 980 1085 ab
995 1025 1135 1085 Ecclesia

201 1125 384 1208 repudiata3
402 1123 458 1186 sed
473 1123 535 1184 alia
556 1123 683 1202 quidem
696 1119 874 1199 repudiavit
885 1121 1038 1197 tanquam
1052 1134 1135 1178 mor-

200 1219 302 1296 tifera,
328 1235 398 1298 quea
423 1233 535 1294 nempe
559 1232 632 1276 oum
655 1212 831 1274 indicarent
845 1210 1005 1273 Christum
1023 1214 1135 1271 ventu·

201 1329 283 1389 rum,
303 1327 382 1382 ,cum
402 1309 464 1371 tide
486 1311 621 1388 peractae
647 1303 871 1383 redemptionis
891 1302 1052 1364 conciliari
1074 1319 1135 1363 non

200 1407 356 1487 poterant.
380 1403 453 1464 Haeo
472 1399 629 1480 mortifero
645 1399 730 1460 diota
744 1400 827 1458 sunt.
840 1395 912 1457 Alia
928 1393 1050 1472 recepit
1067 1398 1136 1456 tan-

202 1515 297 1582 quam
323 1497 411 1562 utilia
439 1495 534 1560 etiam
563 1493 798 1556 christianis-et
820 1492 853 1551 in
873 1490 925 1570 jus
949 1489 1136 1550 canonicum

202 1593 370 1671 translatis,
391 1593 474 1654 unde
487 1591 657 1652 canonizato
673 1589 828 1650 dicuntur.
844 1587 915 1648 Alie
934 1587 1065 1646 demum
1081 1603 1137 1645 nec

202 1687 331 1768 recepit,
356 1705 413 1747 nec
436 1685 555 1764 rejecit,
579 1686 635 1746 sed
657 1684 786 1746 retinuit
810 1687 963 1762 tanquam
977 1681 1138 1760 exemplar

199 1778 343 1862 juridice
359 1777 633 1856 interpretationis,
646 1777 729 1837 unde
744 1775 878 1856 populus
893 1773 1084 1836 christianus
1098 1773 1136 1833 ed

204 1869 357 1951 maiorem
371 1869 594 1949 perfectionem
609 1868 822 1932 contenderet.

243 1963 295 2026 Vl.
320 1961 374 2023 His
389 1961 485 2042 igitur
498 1961 617 2041 positis,
636 1979 709 2022 ecoe
724 1961 850 2039 regulas
866 1982 872 2020 :

246 2055 275 2117 i·
296 2053 370 2136 Rep.
394 2055 439 2116 Ex
448 2053 518 2134 jure
539 2053 650 2115 morali
659 2053 799 2133 judaico,
816 2070 981 2132 possumus
995 2053 1029 2112 in
1044 2070 1138 2113 cano·

206 2147 277 2212 nica
295 2145 544 2229 jurisprudentia
567 2147 754 2225 argumenta
775 2149 892 2222 petere,
910 2163 973 2206 non
998 2161 1139 2206 secusne
1255 2145 1256 2148 ’

206 2257 244 2303 ax
254 2241 325 2321 jure
338 2239 483 2302 naturali.
501 2241 580 2300 Nam
595 2237 672 2298 nihil
687 2237 772 2298 aliud
787 2242 834 2300 est
847 2237 906 2298 nisi
923 2237 1071 2316 quaedam
1086 2255 1138 2296 au-

205 2331 344 2394 thentica
358 2331 438 2410 juris
454 2329 605 2392 naturalis
624 2329 856 2408 interpretatio,
873 2330 940 2408 ipso
951 2330 1007 2390 Dei
1023 2329 1138 2408 magis-

205 2423 284 2485 terio
296 2425 435 2500 operata.
444 2423 532 2484 Unde
541 2439 611 2502 quse
622 2421 756 2483 diximus
767 2422 806 2482 de
814 2441 873 2482 usu
884 2421 1036 2484 naturalis
1045 2421 1136 2501 juriS,

206 2513 256 2576 hio
269 2512 338 2594 plus
351 2511 453 2574 minus
468 2513 675 2593 applicantur.

245 2611 276 2669 ἢ·
297 2605 371 2687 Rep.
396 2607 441 2668 hx
459 2603 531 2686 jure
553 2606 763 2668 caeremoniali
785 2607 835 2667 vel
847 2605 988 2686 judiciali
1013 2607 1139 2670 Judaeo-

207 2717 288 2776 rum,
304 2717 366 2761 non
381 2715 546 2779 possumus
568 2715 701 2777 arguere
726 2703 878 2778 tanquam
897 2717 935 2758 ex
946 2699 1018 2778 jure
1033 2699 1137 2761 divino
1255 2681 1256 2712 ¹

207 2789 380 2851 hodiedum
400 2791 536 2870 vigente.
548 2793 628 2852 Nam
638 2791 697 2852 hoc
708 2790 760 2871 jus
771 2791 856 2870 quod
871 2790 980 2852 debuit
991 2796 1138 2872 tanquam

207 2879 390 2962 pedagogus
406 2883 553 2944 Hebraeos
565 2882 680 2943 ducere
695 2883 736 2943 ad
758 2883 926 2960 Christum,
943 2885 1070 2962 expleta
1091 2901 1138 2944 re-

208 2972 388 3052 demptione
412 2978 529 3052 nostra,
546 2977 698 3054 tanquam
712 2974 818 3036 functo
833 2993 964 3036 munere
987 2995 1057 3054 suc,
1077 2976 1138 3037 vim

209 3081 334 3128 omnem
346 3065 458 3127 amisit.
477 3067 563 3128 Sed:

249 3159 279 3220 ³·
300 3157 375 3238 Beg.
399 3160 466 3220 Hoc
477 3158 529 3239 jus
545 3159 763 3220 caeremoniale
777 3159 828 3220 vel
839 3159 988 3240 judiciale
1001 3180 1040 3221 ex
1051 3164 1139 3240 parte

209 3249 380 3327 mortifera,
403 3251 523 3312 nullum
544 3250 724 3329 suppeditat
743 3257 980 3331 argumentum3
998 3273 1034 3315 ex
1050 3257 1138 3332 parte

208 3361 283 3405 vero
298 3342 490 3420 canonizata,
508 3343 593 3403 valet
603 3345 755 3422 tanquam
761 3343 814 3423 jus
826 3345 1083 3423 ecclesiasticum,
1100 3345 1137 3406 de

209 3451 270 3514 quo
296 3453 370 3497 mcx
394 3434 506 3496 dicturi
530 3453 648 3495 sumus.
676 3437 722 3496 Ex
747 3440 836 3515 parte
859 3438 987 3500 demum
1015 3442 1138 3500 mortua

208 3523 404 3602 simpliciter,
426 3525 458 3586 id
474 3528 521 3585 est
535 3525 639 3603 quoad
654 3543 692 3585 ea
706 3545 776 3605 quae
797 3547 856 3591 nec
877 3535 1004 3610 recepta
1018 3550 1077 3593 nec
1090 3549 1139 3591 re·
