<?xml version="1.0" encoding="UTF-8"?>
<!DOCTYPE html PUBLIC "-//W3C//DTD XHTML 1.0 Transitional//EN"
    "http://www.w3.org/TR/xhtml1/DTD/xhtml1-transitional.dtd">
<html xmlns="http://www.w3.org/1999/xhtml" xml:lang="en" lang="en">
 <head>
  <title>
</title>
<meta http-equiv="Content-Type" content="text/html;charset=utf-8" />
  <meta name='ocr-system' content='tesseract 3.04.00' />
  <meta name='ocr-capabilities' content='ocr_page ocr_carea ocr_par ocr_line ocrx_word'/>
</head>
<body>
  <div class='ocr_page' id='page_1' title='image "./institutionesju03marigoog_0273.png"; bbox 0 0 2542 4122; ppageno 0'>
   <div class='ocr_carea' id='block_1_1' title="bbox 367 295 1066 358">
    <p class='ocr_par' dir='ltr' id='par_1_1' title="bbox 367 295 1066 358">
     <span class='ocr_line' id='line_1_1' title="bbox 367 295 1066 358; baseline 0.017 -12"><span class='ocrx_word' id='word_1_1' title='bbox 367 301 406 348; x_wconf 83' lang='lat' dir='ltr'>un</span> <span class='ocrx_word' id='word_1_2' title='bbox 427 299 555 348; x_wconf 80' lang='lat' dir='ltr'>ossecro</span> <span class='ocrx_word' id='word_1_3' title='bbox 574 301 658 350; x_wconf 76' lang='lat' dir='ltr'>snus</span> <span class='ocrx_word' id='word_1_4' title='bbox 679 301 834 353; x_wconf 74' lang='lat' dir='ltr'>orionus.</span> <span class='ocrx_word' id='word_1_5' title='bbox 1005 295 1066 358; x_wconf 63' lang='lat' dir='ltr'>m</span> 
     </span>
    </p>
   </div>
   <div class='ocr_carea' id='block_1_2' title="bbox 89 444 1128 3582">
    <p class='ocr_par' dir='ltr' id='par_1_2' title="bbox 131 444 1066 802">
     <span class='ocr_line' id='line_1_2' title="bbox 131 444 1065 531; baseline 0.004 -21"><span class='ocrx_word' id='word_1_6' title='bbox 131 463 277 528; x_wconf 82' lang='lat' dir='ltr'>opusque</span> <span class='ocrx_word' id='word_1_7' title='bbox 287 444 429 506; x_wconf 90' lang='lat' dir='ltr'>noudum</span> <span class='ocrx_word' id='word_1_8' title='bbox 438 444 541 508; x_wconf 83' lang='lat' dir='ltr'>iuerat</span> <span class='ocrx_word' id='word_1_9' title='bbox 550 445 736 531; x_wconf 80' lang='lat' dir='ltr'>perfeetum.</span> <span class='ocrx_word' id='word_1_10' title='bbox 746 450 861 525; x_wconf 85' lang='lat' dir='ltr'>Quare,</span> <span class='ocrx_word' id='word_1_11' title='bbox 875 449 1013 512; x_wconf 79' lang='lat' dir='ltr'>sessione</span> <span class='ocrx_word' id='word_1_12' title='bbox 1027 455 1065 514; x_wconf 73' lang='lat'>25</span> 
     </span>
     <span class='ocr_line' id='line_1_3' title="bbox 131 538 1066 621; baseline 0.003 -19"><span class='ocrx_word' id='word_1_13' title='bbox 131 541 167 602; x_wconf 91' lang='lat' dir='ltr'>in</span> <span class='ocrx_word' id='word_1_14' title='bbox 194 539 267 616; x_wconf 88' lang='lat' dir='ltr'>fine,</span> <span class='ocrx_word' id='word_1_15' title='bbox 292 556 361 598; x_wconf 91' lang='lat' dir='ltr'>rem</span> <span class='ocrx_word' id='word_1_16' title='bbox 384 541 490 616; x_wconf 87' lang='lat' dir='ltr'>patres</span> <span class='ocrx_word' id='word_1_17' title='bbox 512 538 737 606; x_wconf 80' lang='lat' dir='ltr'>commiserunt</span> <span class='ocrx_word' id='word_1_18' title='bbox 759 540 878 621; x_wconf 87' lang='lat' dir='ltr'>judicio</span> <span class='ocrx_word' id='word_1_19' title='bbox 905 545 937 602; x_wconf 88' lang='lat' dir='ltr'>et</span> <span class='ocrx_word' id='word_1_20' title='bbox 961 547 1066 606; x_wconf 76' lang='lat' dir='ltr'>sueto</span> 
     </span>
     <span class='ocr_line' id='line_1_4' title="bbox 132 629 1063 714; baseline 0.002 -19"><span class='ocrx_word' id='word_1_21' title='bbox 132 631 221 695; x_wconf 88' lang='lat' dir='ltr'>ritati</span> <span class='ocrx_word' id='word_1_22' title='bbox 240 634 330 693; x_wconf 90' lang='lat' dir='ltr'>Rom.</span> <span class='ocrx_word' id='word_1_23' title='bbox 354 629 529 704; x_wconf 81' lang='lat' dir='ltr'>Pontificis3</span> <span class='ocrx_word' id='word_1_24' title='bbox 555 635 586 692; x_wconf 87' lang='lat' dir='ltr'>et</span> <span class='ocrx_word' id='word_1_25' title='bbox 599 631 673 694; x_wconf 88' lang='lat' dir='ltr'>Pius</span> <span class='ocrx_word' id='word_1_26' title='bbox 693 633 745 709; x_wconf 84' lang='lat' dir='ltr'>lv,</span> <span class='ocrx_word' id='word_1_27' title='bbox 762 633 900 712; x_wconf 82' lang='lat' dir='ltr'>perfecto</span> <span class='ocrx_word' id='word_1_28' title='bbox 920 635 1063 714; x_wconf 82' lang='lat' dir='ltr'>concilio,</span> 
     </span>
     <span class='ocr_line' id='line_1_5' title="bbox 132 723 691 802; baseline -0.004 -14"><span class='ocrx_word' id='word_1_29' title='bbox 132 725 272 788; x_wconf 89' lang='lat' dir='ltr'>indicem</span> <span class='ocrx_word' id='word_1_30' title='bbox 284 723 368 784; x_wconf 90' lang='lat' dir='ltr'>huno</span> <span class='ocrx_word' id='word_1_31' title='bbox 379 723 494 785; x_wconf 85' lang='lat' dir='ltr'>iterum</span> <span class='ocrx_word' id='word_1_32' title='bbox 508 723 691 802; x_wconf 81' lang='lat' dir='ltr'>publicavit.</span> 
     </span>
    </p>

    <p class='ocr_par' dir='ltr' id='par_1_3' title="bbox 107 813 1128 1362">
     <span class='ocr_line' id='line_1_6' title="bbox 175 813 1067 902; baseline 0.004 -22"><span class='ocrx_word' id='word_1_33' title='bbox 175 817 239 880; x_wconf 85' lang='lat' dir='ltr'>Sed</span> <span class='ocrx_word' id='word_1_34' title='bbox 255 818 327 895; x_wconf 85' lang='lat' dir='ltr'>post</span> <span class='ocrx_word' id='word_1_35' title='bbox 346 813 440 895; x_wconf 85' lang='lat' dir='ltr'>hujus</span> <span class='ocrx_word' id='word_1_36' title='bbox 460 815 572 902; x_wconf 88' lang='lat' dir='ltr'>indicis</span> <span class='ocrx_word' id='word_1_37' title='bbox 587 817 882 896; x_wconf 78' lang='lat' dir='ltr'><strong>promulgationem,</strong></span> <span class='ocrx_word' id='word_1_38' title='bbox 899 837 963 882; x_wconf 90' lang='lat' dir='ltr'>non</span> <span class='ocrx_word' id='word_1_39' title='bbox 984 821 1067 884; x_wconf 89' lang='lat' dir='ltr'>desi·</span> 
     </span>
     <span class='ocr_line' id='line_1_7' title="bbox 133 907 1067 989; baseline 0.002 -17"><span class='ocrx_word' id='word_1_40' title='bbox 133 912 226 972; x_wconf 88' lang='lat' dir='ltr'>neret</span> <span class='ocrx_word' id='word_1_41' title='bbox 239 909 392 970; x_wconf 88' lang='lat' dir='ltr'>librorum</span> <span class='ocrx_word' id='word_1_42' title='bbox 406 907 587 985; x_wconf 88' lang='lat' dir='ltr'>publicatio.</span> <span class='ocrx_word' id='word_1_43' title='bbox 604 909 695 970; x_wconf 89' lang='lat' dir='ltr'>Unde</span> <span class='ocrx_word' id='word_1_44' title='bbox 707 913 742 971; x_wconf 92' lang='lat' dir='ltr'>ut</span> <span class='ocrx_word' id='word_1_45' title='bbox 754 927 832 989; x_wconf 84' lang='lat' dir='ltr'>opus</span> <span class='ocrx_word' id='word_1_46' title='bbox 853 911 964 974; x_wconf 87' lang='lat' dir='ltr'>indicis</span> <span class='ocrx_word' id='word_1_47' title='bbox 977 931 1067 974; x_wconf 88' lang='lat' dir='ltr'>suam</span> 
     </span>
     <span class='ocr_line' id='line_1_8' title="bbox 135 999 1128 1076; baseline -0.004 -12"><span class='ocrx_word' id='word_1_48' title='bbox 135 1003 269 1064; x_wconf 87' lang='lat' dir='ltr'>haberet</span> <span class='ocrx_word' id='word_1_49' title='bbox 284 1000 562 1076; x_wconf 76' lang='lat' dir='ltr'>continuationem,</span> <span class='ocrx_word' id='word_1_50' title='bbox 587 999 729 1064; x_wconf 86' lang='lat' dir='ltr'>instituta</span> <span class='ocrx_word' id='word_1_51' title='bbox 753 1005 800 1064; x_wconf 85' lang='lat' dir='ltr'>est</span> <span class='ocrx_word' id='word_1_52' title='bbox 813 1021 833 1064; x_wconf 83' lang='lat' dir='ltr'>n</span> <span class='ocrx_word' id='word_1_53' title='bbox 847 1005 937 1066; x_wconf 84' lang='lat' dir='ltr'>Rom.</span> <span class='ocrx_word' id='word_1_54' title='bbox 963 1005 1067 1068; x_wconf 87' lang='lat' dir='ltr'>Ponti·</span> <span class='ocrx_word' id='word_1_55' title='bbox 1125 1053 1128 1060; x_wconf 80' lang='grc'>,</span> 
     </span>
     <span class='ocr_line' id='line_1_9' title="bbox 135 1092 1067 1174; baseline 0.001 -16"><span class='ocrx_word' id='word_1_56' title='bbox 135 1097 196 1158; x_wconf 89' lang='lat' dir='ltr'>fiee</span> <span class='ocrx_word' id='word_1_57' title='bbox 219 1092 422 1174; x_wconf 76' lang='lat' dir='ltr'>congregatio</span> <span class='ocrx_word' id='word_1_58' title='bbox 448 1092 559 1154; x_wconf 90' lang='lat' dir='ltr'>indicis</span> <span class='ocrx_word' id='word_1_59' title='bbox 582 1097 627 1170; x_wconf 89' lang='lat' dir='ltr'>nt,</span> <span class='ocrx_word' id='word_1_60' title='bbox 657 1093 690 1154; x_wconf 91' lang='lat' dir='ltr'>in</span> <span class='ocrx_word' id='word_1_61' title='bbox 719 1113 757 1156; x_wconf 87' lang='lat' dir='ltr'>ee</span> <span class='ocrx_word' id='word_1_62' title='bbox 781 1099 871 1174; x_wconf 82' lang='lat' dir='ltr'>parte</span> <span class='ocrx_word' id='word_1_63' title='bbox 896 1115 1067 1174; x_wconf 85' lang='lat' dir='ltr'>pravorum</span> 
     </span>
     <span class='ocr_line' id='line_1_10' title="bbox 135 1185 1069 1296; baseline 0 -46"><span class='ocrx_word' id='word_1_64' title='bbox 135 1189 289 1250; x_wconf 90' lang='lat' dir='ltr'>librorum</span> <span class='ocrx_word' id='word_1_65' title='bbox 308 1186 543 1248; x_wconf 77' lang='lat' dir='ltr'>damnationem</span> <span class='ocrx_word' id='word_1_66' title='bbox 563 1189 735 1264; x_wconf 86' lang='lat' dir='ltr'>spectante,</span> <span class='ocrx_word' id='word_1_67' title='bbox 759 1185 924 1267; x_wconf 86' lang='lat' dir='ltr'>adjuvaret</span> <span class='ocrx_word' id='word_1_68' title='bbox 937 1207 1069 1296; x_wconf 78' lang='lat' dir='ltr'>congre·</span> 
     </span>
     <span class='ocr_line' id='line_1_11' title="bbox 107 1278 1066 1362; baseline 0 -18"><span class='ocrx_word' id='word_1_69' title='bbox 107 1311 112 1318; x_wconf 94' lang='lat'><em>·</em></span> <span class='ocrx_word' id='word_1_70' title='bbox 133 1281 296 1362; x_wconf 80' lang='lat' dir='ltr'>gationem</span> <span class='ocrx_word' id='word_1_71' title='bbox 323 1278 361 1340; x_wconf 78' lang='lat' dir='ltr'>S¹¹</span> <span class='ocrx_word' id='word_1_72' title='bbox 383 1278 488 1355; x_wconf 85' lang='lat' dir='ltr'>officii,</span> <span class='ocrx_word' id='word_1_73' title='bbox 514 1295 585 1357; x_wconf 76' lang='lat' dir='ltr'>qua</span> <span class='ocrx_word' id='word_1_74' title='bbox 604 1279 699 1340; x_wconf 87' lang='lat' dir='ltr'>etiam</span> <span class='ocrx_word' id='word_1_75' title='bbox 715 1279 756 1340; x_wconf 91' lang='lat' dir='ltr'>ad</span> <span class='ocrx_word' id='word_1_76' title='bbox 771 1279 853 1342; x_wconf 90' lang='lat' dir='ltr'>hano</span> <span class='ocrx_word' id='word_1_77' title='bbox 872 1280 1066 1359; x_wconf 79' lang='lat' dir='ltr'>provinciam</span> 
     </span>
    </p>

    <p class='ocr_par' dir='ltr' id='par_1_4' title="bbox 135 1374 825 1454">
     <span class='ocr_line' id='line_1_12' title="bbox 135 1374 825 1454; baseline -0.007 -18"><span class='ocrx_word' id='word_1_78' title='bbox 135 1375 287 1454; x_wconf 82' lang='lat' dir='ltr'>deputata</span> <span class='ocrx_word' id='word_1_79' title='bbox 300 1374 378 1433; x_wconf 87' lang='lat' dir='ltr'>erat.</span> <span class='ocrx_word' id='word_1_80' title='bbox 819 1393 825 1404; x_wconf 68' lang='lat'><em>¹</em></span> 
     </span>
    </p>

    <p class='ocr_par' dir='ltr' id='par_1_5' title="bbox 136 1463 1068 1915">
     <span class='ocr_line' id='line_1_13' title="bbox 176 1463 1067 1545; baseline 0.002 -17"><span class='ocrx_word' id='word_1_81' title='bbox 176 1467 434 1529; x_wconf 69' lang='lat' dir='ltr'>concussorem</span> <span class='ocrx_word' id='word_1_82' title='bbox 458 1463 659 1542; x_wconf 78' lang='lat' dir='ltr'>congregatio</span> <span class='ocrx_word' id='word_1_83' title='bbox 683 1464 950 1545; x_wconf 87' lang='lat' dir='ltr'>indicispluribus</span> <span class='ocrx_word' id='word_1_84' title='bbox 964 1468 1067 1530; x_wconf 85' lang='lat' dir='ltr'>cardi·</span> 
     </span>
     <span class='ocr_line' id='line_1_14' title="bbox 136 1555 1067 1640; baseline 0.002 -19"><span class='ocrx_word' id='word_1_85' title='bbox 136 1557 271 1636; x_wconf 81' lang='lat' dir='ltr'>nalibus,</span> <span class='ocrx_word' id='word_1_86' title='bbox 284 1573 419 1637; x_wconf 88' lang='lat' dir='ltr'>quorum</span> <span class='ocrx_word' id='word_1_87' title='bbox 429 1573 509 1618; x_wconf 88' lang='lat' dir='ltr'>unus</span> <span class='ocrx_word' id='word_1_88' title='bbox 518 1555 681 1636; x_wconf 78' lang='lat' dir='ltr'>prosector</span> <span class='ocrx_word' id='word_1_89' title='bbox 693 1562 749 1620; x_wconf 90' lang='lat' dir='ltr'>est.</span> <span class='ocrx_word' id='word_1_90' title='bbox 762 1559 865 1622; x_wconf 84' lang='lat' dir='ltr'>Habet</span> <span class='ocrx_word' id='word_1_91' title='bbox 875 1560 981 1640; x_wconf 85' lang='lat' dir='ltr'>plures</span> <span class='ocrx_word' id='word_1_92' title='bbox 995 1579 1067 1623; x_wconf 92' lang='lat' dir='ltr'>con·</span> 
     </span>
     <span class='ocr_line' id='line_1_15' title="bbox 136 1647 1064 1732; baseline 0.001 -17"><span class='ocrx_word' id='word_1_93' title='bbox 136 1652 271 1716; x_wconf 87' lang='lat' dir='ltr'>sultores</span> <span class='ocrx_word' id='word_1_94' title='bbox 307 1654 375 1712; x_wconf 88' lang='lat' dir='ltr'>tum</span> <span class='ocrx_word' id='word_1_95' title='bbox 398 1649 438 1710; x_wconf 92' lang='lat' dir='ltr'>de</span> <span class='ocrx_word' id='word_1_96' title='bbox 463 1647 607 1725; x_wconf 83' lang='lat' dir='ltr'>seculari,</span> <span class='ocrx_word' id='word_1_97' title='bbox 638 1653 706 1711; x_wconf 86' lang='lat' dir='ltr'>tum</span> <span class='ocrx_word' id='word_1_98' title='bbox 732 1651 770 1711; x_wconf 92' lang='lat' dir='ltr'>de</span> <span class='ocrx_word' id='word_1_99' title='bbox 794 1652 934 1732; x_wconf 74' lang='lat' dir='ltr'>regulari</span> <span class='ocrx_word' id='word_1_100' title='bbox 964 1653 1064 1728; x_wconf 88' lang='lat' dir='ltr'>clero;</span> 
     </span>
     <span class='ocr_line' id='line_1_16' title="bbox 136 1742 1068 1825; baseline 0 -17"><span class='ocrx_word' id='word_1_101' title='bbox 136 1746 233 1808; x_wconf 79' lang='lat' dir='ltr'>habet</span> <span class='ocrx_word' id='word_1_102' title='bbox 266 1746 297 1805; x_wconf 85' lang='lat' dir='ltr'>ei</span> <span class='ocrx_word' id='word_1_103' title='bbox 326 1742 497 1819; x_wconf 86' lang='lat' dir='ltr'>ministros,</span> <span class='ocrx_word' id='word_1_104' title='bbox 522 1758 657 1823; x_wconf 89' lang='lat' dir='ltr'>quorum</span> <span class='ocrx_word' id='word_1_105' title='bbox 674 1743 858 1822; x_wconf 84' lang='lat' dir='ltr'>-primarius,</span> <span class='ocrx_word' id='word_1_106' title='bbox 885 1745 940 1825; x_wconf 86' lang='lat' dir='ltr'>qui</span> <span class='ocrx_word' id='word_1_107' title='bbox 954 1745 1068 1808; x_wconf 89' lang='lat' dir='ltr'>dieitur</span> 
     </span>
     <span class='ocr_line' id='line_1_17' title="bbox 136 1833 906 1915; baseline -0.003 -15"><span class='ocrx_word' id='word_1_108' title='bbox 136 1836 319 1910; x_wconf 75' lang='lat' dir='ltr'>secretarios,</span> <span class='ocrx_word' id='word_1_109' title='bbox 336 1853 375 1896; x_wconf 89' lang='lat' dir='ltr'>ex</span> <span class='ocrx_word' id='word_1_110' title='bbox 387 1833 496 1896; x_wconf 87' lang='lat' dir='ltr'>ordine</span> <span class='ocrx_word' id='word_1_111' title='bbox 514 1833 761 1896; x_wconf 68' lang='lat' dir='ltr'>medicatorum</span> <span class='ocrx_word' id='word_1_112' title='bbox 771 1836 906 1915; x_wconf 78' lang='lat' dir='ltr'>eligitur.</span> 
     </span>
    </p>

    <p class='ocr_par' dir='ltr' id='par_1_6' title="bbox 95 1924 1070 2564">
     <span class='ocr_line' id='line_1_18' title="bbox 177 1924 1068 2006; baseline -0.001 -14"><span class='ocrx_word' id='word_1_113' title='bbox 177 1931 258 1992; x_wconf 89' lang='lat' dir='ltr'>XXI.</span> <span class='ocrx_word' id='word_1_114' title='bbox 281 1933 313 1988; x_wconf 76' lang='lat'>4⁰</span> <span class='ocrx_word' id='word_1_115' title='bbox 329 1925 524 2006; x_wconf 72' lang='lat' dir='ltr'>Cooqreyctio</span> <span class='ocrx_word' id='word_1_116' title='bbox 535 1924 752 1988; x_wconf 63' lang='lat' dir='ltr'>coaeternalis.</span> <span class='ocrx_word' id='word_1_117' title='bbox 780 1928 914 1990; x_wconf 70' lang='lat' dir='ltr'>astato</span> <span class='ocrx_word' id='word_1_118' title='bbox 938 1931 965 1991; x_wconf 84' lang='lat' dir='ltr'>V</span> <span class='ocrx_word' id='word_1_119' title='bbox 983 1929 1068 1990; x_wconf 89' lang='lat' dir='ltr'>iusti·</span> 
     </span>
     <span class='ocr_line' id='line_1_19' title="bbox 95 2016 1069 2100; baseline -0.004 -16"><span class='ocrx_word' id='word_1_120' title='bbox 95 2034 99 2040; x_wconf 83' lang='lat'>·</span> <span class='ocrx_word' id='word_1_121' title='bbox 137 2025 206 2084; x_wconf 82' lang='lat' dir='ltr'>tuta</span> <span class='ocrx_word' id='word_1_122' title='bbox 220 2024 268 2082; x_wconf 90' lang='lat' dir='ltr'>est</span> <span class='ocrx_word' id='word_1_123' title='bbox 282 2018 514 2100; x_wconf 88' lang='lat' dir='ltr'>(constitutione</span> <span class='ocrx_word' id='word_1_124' title='bbox 537 2016 704 2096; x_wconf 76' lang='lat' dir='ltr'>Immone),</span> <span class='ocrx_word' id='word_1_125' title='bbox 721 2017 802 2080; x_wconf 88' lang='lat' dir='ltr'>sicut</span> <span class='ocrx_word' id='word_1_126' title='bbox 813 2023 845 2080; x_wconf 86' lang='lat' dir='ltr'>ci</span> <span class='ocrx_word' id='word_1_127' title='bbox 859 2019 929 2080; x_wconf 76' lang='lat' dir='ltr'>oiim</span> <span class='ocrx_word' id='word_1_128' title='bbox 939 2021 1009 2082; x_wconf 85' lang='lat' dir='ltr'>duae</span> <span class='ocrx_word' id='word_1_129' title='bbox 1019 2037 1069 2080; x_wconf 90' lang='lat' dir='ltr'>se-</span> 
     </span>
     <span class='ocr_line' id='line_1_20' title="bbox 138 2109 1069 2195; baseline -0.002 -19"><span class='ocrx_word' id='word_1_130' title='bbox 138 2117 281 2195; x_wconf 88' lang='lat' dir='ltr'>quentes.</span> <span class='ocrx_word' id='word_1_131' title='bbox 297 2113 348 2174; x_wconf 87' lang='lat' dir='ltr'>Sic</span> <span class='ocrx_word' id='word_1_132' title='bbox 367 2109 628 2192; x_wconf 83' lang='lat' dir='ltr'>appelleturquia</span> <span class='ocrx_word' id='word_1_133' title='bbox 642 2110 681 2170; x_wconf 91' lang='lat' dir='ltr'>de</span> <span class='ocrx_word' id='word_1_134' title='bbox 692 2129 750 2172; x_wconf 83' lang='lat' dir='ltr'>sua</span> <span class='ocrx_word' id='word_1_135' title='bbox 761 2109 954 2173; x_wconf 87' lang='lat' dir='ltr'>institutione</span> <span class='ocrx_word' id='word_1_136' title='bbox 975 2115 1022 2174; x_wconf 86' lang='lat' dir='ltr'>est</span> <span class='ocrx_word' id='word_1_137' title='bbox 1036 2115 1069 2174; x_wconf 81' lang='lat' dir='ltr'>ut</span> 
     </span>
     <span class='ocr_line' id='line_1_21' title="bbox 138 2202 1069 2280; baseline -0.002 -12"><span class='ocrx_word' id='word_1_138' title='bbox 138 2206 180 2268; x_wconf 92' lang='lat' dir='ltr'>sit</span> <span class='ocrx_word' id='word_1_139' title='bbox 190 2202 539 2268; x_wconf 88' lang='lat' dir='ltr'>consultrixoonsistcrii</span> <span class='ocrx_word' id='word_1_140' title='bbox 549 2202 767 2280; x_wconf 86' lang='lat' dir='ltr'>cardinalium,</span> <span class='ocrx_word' id='word_1_141' title='bbox 775 2202 1069 2266; x_wconf 84' lang='lat' dir='ltr'>videlicetinstitute</span> 
     </span>
     <span class='ocr_line' id='line_1_22' title="bbox 139 2295 1067 2378; baseline -0.003 -17"><span class='ocrx_word' id='word_1_142' title='bbox 139 2303 187 2361; x_wconf 88' lang='lat' dir='ltr'>est</span> <span class='ocrx_word' id='word_1_143' title='bbox 210 2317 268 2378; x_wconf 83' lang='lat' dir='ltr'>pro</span> <span class='ocrx_word' id='word_1_144' title='bbox 290 2295 494 2360; x_wconf 77' lang='lat' dir='ltr'>discutiendis</span> <span class='ocrx_word' id='word_1_145' title='bbox 515 2295 575 2356; x_wconf 89' lang='lat' dir='ltr'>illis</span> <span class='ocrx_word' id='word_1_146' title='bbox 598 2295 979 2358; x_wconf 87' lang='lat' dir='ltr'>causisconsistorialibus</span> <span class='ocrx_word' id='word_1_147' title='bbox 997 2313 1067 2376; x_wconf 80' lang='lat' dir='ltr'>quae</span> 
     </span>
     <span class='ocr_line' id='line_1_23' title="bbox 139 2388 1070 2472; baseline -0.002 -18"><span class='ocrx_word' id='word_1_148' title='bbox 139 2392 279 2472; x_wconf 81' lang='lat' dir='ltr'>aliquem</span> <span class='ocrx_word' id='word_1_149' title='bbox 300 2389 461 2469; x_wconf 84' lang='lat' dir='ltr'>patiuntur</span> <span class='ocrx_word' id='word_1_150' title='bbox 485 2388 742 2466; x_wconf 87' lang='lat' dir='ltr'>controversiam,</span> <span class='ocrx_word' id='word_1_151' title='bbox 762 2392 796 2451; x_wconf 92' lang='lat' dir='ltr'>ut</span> <span class='ocrx_word' id='word_1_152' title='bbox 816 2388 861 2452; x_wconf 84' lang='lat' dir='ltr'>ita</span> <span class='ocrx_word' id='word_1_153' title='bbox 879 2388 1026 2452; x_wconf 72' lang='lat' dir='ltr'>discusse</span> <span class='ocrx_word' id='word_1_154' title='bbox 1039 2393 1070 2452; x_wconf 91' lang='lat' dir='ltr'>et</span> 
     </span>
     <span class='ocr_line' id='line_1_24' title="bbox 139 2481 1070 2564; baseline -0.002 -18"><span class='ocrx_word' id='word_1_155' title='bbox 139 2487 326 2564; x_wconf 77' lang='lat' dir='ltr'>praeparatae</span> <span class='ocrx_word' id='word_1_156' title='bbox 347 2483 467 2562; x_wconf 87' lang='lat' dir='ltr'>possint</span> <span class='ocrx_word' id='word_1_157' title='bbox 478 2481 510 2542; x_wconf 95' lang='lat' dir='ltr'>in</span> <span class='ocrx_word' id='word_1_158' title='bbox 527 2481 747 2544; x_wconf 86' lang='lat' dir='ltr'>consistorium</span> <span class='ocrx_word' id='word_1_159' title='bbox 765 2482 892 2559; x_wconf 89' lang='lat' dir='ltr'>deferri,</span> <span class='ocrx_word' id='word_1_160' title='bbox 909 2482 1026 2546; x_wconf 81' lang='lat' dir='ltr'>decreti</span> <span class='ocrx_word' id='word_1_161' title='bbox 1039 2487 1070 2544; x_wconf 87' lang='lat' dir='ltr'>et</span> 
     </span>
    </p>

    <p class='ocr_par' dir='ltr' id='par_1_7' title="bbox 89 2575 1071 2826">
     <span class='ocr_line' id='line_1_25' title="bbox 140 2575 455 2655; baseline -0.013 -16"><span class='ocrx_word' id='word_1_162' title='bbox 140 2575 330 2639; x_wconf 83' lang='lat' dir='ltr'>definitionis</span> <span class='ocrx_word' id='word_1_163' title='bbox 342 2575 455 2655; x_wconf 79' lang='lat' dir='ltr'>grstia</span> 
     </span>
     <span class='ocr_line' id='line_1_26' title="bbox 89 2663 1071 2748; baseline -0.005 -16"><span class='ocrx_word' id='word_1_164' title='bbox 89 2663 92 2667; x_wconf 66' lang='grc'><em>’</em></span> <span class='ocrx_word' id='word_1_165' title='bbox 182 2672 311 2733; x_wconf 82' lang='lat' dir='ltr'>Constat</span> <span class='ocrx_word' id='word_1_166' title='bbox 321 2667 464 2748; x_wconf 88' lang='lat' dir='ltr'>pluribus</span> <span class='ocrx_word' id='word_1_167' title='bbox 475 2666 700 2744; x_wconf 81' lang='lat' dir='ltr'>cardinalibus,</span> <span class='ocrx_word' id='word_1_168' title='bbox 719 2665 876 2728; x_wconf 91' lang='lat' dir='ltr'>nonnullis</span> <span class='ocrx_word' id='word_1_169' title='bbox 888 2665 1024 2746; x_wconf 84' lang='lat' dir='ltr'>proelatis</span> <span class='ocrx_word' id='word_1_170' title='bbox 1039 2669 1071 2727; x_wconf 94' lang='lat' dir='ltr'>et</span> 
     </span>
     <span class='ocr_line' id='line_1_27' title="bbox 141 2761 387 2826; baseline -0.012 -1"><span class='ocrx_word' id='word_1_171' title='bbox 141 2781 198 2826; x_wconf 91' lang='lat' dir='ltr'>suo</span> <span class='ocrx_word' id='word_1_172' title='bbox 209 2761 387 2824; x_wconf 84' lang='lat' dir='ltr'>secretario.</span> 
     </span>
    </p>

    <p class='ocr_par' dir='ltr' id='par_1_8' title="bbox 140 2852 1071 3194">
     <span class='ocr_line' id='line_1_28' title="bbox 182 2852 1071 2933; baseline -0.002 -15"><span class='ocrx_word' id='word_1_173' title='bbox 182 2856 276 2918; x_wconf 84' lang='lat' dir='ltr'><strong>XXII.</strong></span> <span class='ocrx_word' id='word_1_174' title='bbox 300 2859 332 2916; x_wconf 82' lang='lat'>5⁰</span> <span class='ocrx_word' id='word_1_175' title='bbox 363 2853 557 2933; x_wconf 70' lang='lat' dir='ltr'>Corcyreqotio</span> <span class='ocrx_word' id='word_1_176' title='bbox 581 2853 667 2914; x_wconf 81' lang='lat' dir='ltr'>Scor.</span> <span class='ocrx_word' id='word_1_177' title='bbox 694 2852 827 2914; x_wconf 69' lang='lat' dir='ltr'>situum.</span> <span class='ocrx_word' id='word_1_178' title='bbox 848 2853 965 2916; x_wconf 81' lang='lat' dir='ltr'>Praeest</span> <span class='ocrx_word' id='word_1_179' title='bbox 982 2853 1071 2916; x_wconf 85' lang='lat' dir='ltr'>litur-</span> 
     </span>
     <span class='ocr_line' id='line_1_29' title="bbox 140 2945 1071 3029; baseline -0.002 -19"><span class='ocrx_word' id='word_1_180' title='bbox 140 2947 201 3029; x_wconf 74' lang='lat' dir='ltr'>gico</span> <span class='ocrx_word' id='word_1_181' title='bbox 221 2965 329 3024; x_wconf 86' lang='lat' dir='ltr'>sacrae,</span> <span class='ocrx_word' id='word_1_182' title='bbox 349 2947 415 3008; x_wconf 87' lang='lat' dir='ltr'>sive</span> <span class='ocrx_word' id='word_1_183' title='bbox 429 2949 465 3007; x_wconf 91' lang='lat' dir='ltr'>ut</span> <span class='ocrx_word' id='word_1_184' title='bbox 483 2946 666 3008; x_wconf 86' lang='lat' dir='ltr'>moderetur</span> <span class='ocrx_word' id='word_1_185' title='bbox 680 2945 897 3025; x_wconf 89' lang='lat' dir='ltr'>quotidianum</span> <span class='ocrx_word' id='word_1_186' title='bbox 909 2964 1071 3008; x_wconf 76' lang='lat' dir='ltr'>sacrorum</span> 
     </span>
     <span class='ocr_line' id='line_1_30' title="bbox 142 3037 1071 3125; baseline -0.005 -23"><span class='ocrx_word' id='word_1_187' title='bbox 142 3040 336 3125; x_wconf 82' lang='lat' dir='ltr'>exercitium,</span> <span class='ocrx_word' id='word_1_188' title='bbox 357 3039 422 3100; x_wconf 88' lang='lat' dir='ltr'>sive</span> <span class='ocrx_word' id='word_1_189' title='bbox 443 3042 478 3101; x_wconf 91' lang='lat' dir='ltr'>ut</span> <span class='ocrx_word' id='word_1_190' title='bbox 492 3038 640 3100; x_wconf 83' lang='lat' dir='ltr'>discutiat</span> <span class='ocrx_word' id='word_1_191' title='bbox 652 3042 683 3100; x_wconf 87' lang='lat' dir='ltr'>et</span> <span class='ocrx_word' id='word_1_192' title='bbox 699 3037 829 3100; x_wconf 85' lang='lat' dir='ltr'>definiet</span> <span class='ocrx_word' id='word_1_193' title='bbox 843 3038 1071 3102; x_wconf 86' lang='lat' dir='ltr'>controversias</span> 
     </span>
     <span class='ocr_line' id='line_1_31' title="bbox 142 3130 920 3194; baseline -0.004 0"><span class='ocrx_word' id='word_1_194' title='bbox 142 3134 182 3194; x_wconf 91' lang='lat' dir='ltr'>de</span> <span class='ocrx_word' id='word_1_195' title='bbox 196 3131 427 3194; x_wconf 85' lang='lat' dir='ltr'>beatificatione</span> <span class='ocrx_word' id='word_1_196' title='bbox 439 3134 471 3194; x_wconf 92' lang='lat' dir='ltr'>et</span> <span class='ocrx_word' id='word_1_197' title='bbox 482 3130 717 3192; x_wconf 84' lang='lat' dir='ltr'>canonizatione</span> <span class='ocrx_word' id='word_1_198' title='bbox 729 3135 920 3193; x_wconf 85' lang='lat' dir='ltr'>sanctorum.</span> 
     </span>
    </p>

    <p class='ocr_par' dir='ltr' id='par_1_9' title="bbox 142 3219 1074 3582">
     <span class='ocr_line' id='line_1_32' title="bbox 183 3219 1069 3304; baseline -0.007 -16"><span class='ocrx_word' id='word_1_199' title='bbox 183 3228 352 3288; x_wconf 83' lang='lat' dir='ltr'>Consessus</span> <span class='ocrx_word' id='word_1_200' title='bbox 376 3224 469 3304; x_wconf 84' lang='lat' dir='ltr'>hujus</span> <span class='ocrx_word' id='word_1_201' title='bbox 497 3224 750 3303; x_wconf 79' lang='lat' dir='ltr'>congregationis</span> <span class='ocrx_word' id='word_1_202' title='bbox 775 3224 855 3284; x_wconf 87' lang='lat' dir='ltr'>alter</span> <span class='ocrx_word' id='word_1_203' title='bbox 882 3219 1069 3298; x_wconf 87' lang='lat' dir='ltr'>ordinarius,</span> 
     </span>
     <span class='ocr_line' id='line_1_33' title="bbox 142 3313 1072 3392; baseline -0.009 -10"><span class='ocrx_word' id='word_1_204' title='bbox 142 3319 221 3382; x_wconf 84' lang='lat' dir='ltr'>aiter</span> <span class='ocrx_word' id='word_1_205' title='bbox 243 3315 509 3380; x_wconf 72' lang='lat' dir='ltr'>extraordinarius</span> <span class='ocrx_word' id='word_1_206' title='bbox 528 3315 655 3378; x_wconf 82' lang='lat' dir='ltr'>dicitur..</span> <span class='ocrx_word' id='word_1_207' title='bbox 680 3315 856 3379; x_wconf 76' lang='lat' dir='ltr'>ordinarius</span> <span class='ocrx_word' id='word_1_208' title='bbox 874 3313 1020 3392; x_wconf 79' lang='lat' dir='ltr'>dirigitur</span> <span class='ocrx_word' id='word_1_209' title='bbox 1032 3313 1072 3374; x_wconf 88' lang='lat' dir='ltr'>ed</span> 
     </span>
     <span class='ocr_line' id='line_1_34' title="bbox 143 3404 1074 3474; baseline -0.011 0"><span class='ocrx_word' id='word_1_210' title='bbox 143 3411 353 3474; x_wconf 79' lang='lat' dir='ltr'>moderandas</span> <span class='ocrx_word' id='word_1_211' title='bbox 371 3409 545 3472; x_wconf 83' lang='lat' dir='ltr'>ordinaries</span> <span class='ocrx_word' id='word_1_212' title='bbox 559 3409 734 3472; x_wconf 90' lang='lat' dir='ltr'>functiones</span> <span class='ocrx_word' id='word_1_213' title='bbox 747 3409 849 3472; x_wconf 84' lang='lat' dir='ltr'>cultus</span> <span class='ocrx_word' id='word_1_214' title='bbox 861 3404 1021 3467; x_wconf 83' lang='lat' dir='ltr'>christiani</span> <span class='ocrx_word' id='word_1_215' title='bbox 1033 3437 1074 3450; x_wconf 91' lang='grc'><strong>-</strong></span> 
     </span>
     <span class='ocr_line' id='line_1_35' title="bbox 144 3496 1072 3582; baseline -0.005 -17"><span class='ocrx_word' id='word_1_216' title='bbox 144 3503 253 3565; x_wconf 88' lang='lat' dir='ltr'>sivein</span> <span class='ocrx_word' id='word_1_217' title='bbox 275 3502 541 3582; x_wconf 83' lang='lat' dir='ltr'>formsgratiosa,</span> <span class='ocrx_word' id='word_1_218' title='bbox 565 3501 771 3580; x_wconf 80' lang='lat' dir='ltr'>indulgendo,</span> <span class='ocrx_word' id='word_1_219' title='bbox 802 3497 981 3564; x_wconf 78' lang='lat' dir='ltr'>mandendo</span> <span class='ocrx_word' id='word_1_220' title='bbox 1005 3496 1072 3560; x_wconf 91' lang='lat' dir='ltr'>sine</span> 
     </span>
    </p>
   </div>
   <div class='ocr_carea' id='block_1_3' title="bbox 0 0 1293 4122">
    <p class='ocr_par' dir='ltr' id='par_1_10' title="bbox 0 0 1293 4122">
     <span class='ocr_line' id='line_1_36' title="bbox 0 0 1293 4122; baseline 0 0"><span class='ocrx_word' id='word_1_221' title='bbox 0 0 1293 4122; x_wconf 95' lang='lat' dir='ltr'> </span> 
     </span>
    </p>
   </div>
  </div>
 </body>
</html>
