2518 4144
218 400 258 466 60
428 409 657 465 1101110001οε
678 411 759 462 10111
782 411 936 464 01101101.

219 580 367 642 arrogare
382 561 466 624 visus
488 566 544 624 est.
572 563 638 624 Rex
654 560 716 640 ille,
738 561 824 622 nulla
845 564 986 640 spectata
1000 557 1149 622 canonica

220 657 380 734 electione,
409 656 591 735 imponebat
614 655 760 716 Ecclesiae
778 673 855 736 quos
870 656 965 717 vellet
992 656 1148 734 praelatos,

220 752 298 812 adeo
314 754 349 812 ut
363 749 560 828 episcopatus
576 749 661 810 haud
676 767 765 809 secus
782 767 818 808 ac
837 749 1032 827 principatus
1048 747 1151 810 civiles

205 845 267 906 'sui
291 844 413 923 imperii
452 843 656 923 dispensaret.
690 845 805 904 Graves
829 843 902 902 inde
931 861 968 904 ao
996 842 1152 904 diuturna

221 941 297 1000 ortae
322 941 394 998 sunt
418 937 582 998 discordiae
608 936 689 998 inter
711 935 896 1015 Gregorium
922 937 977 996 Vll
993 940 1026 996 et
1045 934 1153 996 Henri-

222 1033 355 1092 cule.

261 1123 401 1185 Tandem
426 1123 484 1183 sub
510 1122 634 1184 Callisto
661 1124 699 1199 ll,
731 1121 871 1200 Gregorii
898 1140 1095 1200 successore,
1126 1125 1154 1181 01

221 1217 354 1279 Ηο11100
375 1219 412 1296 V,
430 1217 503 1278 dicti
526 1217 650 1277 Henrici
676 1234 866 1293 successore,
891 1235 941 1276 res
967 1217 1029 1276 alio
1059 1215 1153 1276 modo

221 1310 394 1390 composita
420 1315 476 1372 est.
495 1313 612 1374 Verum
631 1309 712 1390 ignis
729 1309 780 1371 ille
798 1309 851 1389 qui
879 1313 1049 1387 exarserat,
1071 1327 1154 1370 com-

221 1405 313 1484 primi
335 1405 462 1484 quidem
484 1407 616 1482 poterat,
646 1403 730 1464 nullo
760 1407 865 1464 autem
886 1403 980 1463 modo
996 1403 1152 1482 extingui3

201 1566 203 1570 ,
221 1499 378 1577 zelotypia
393 1498 547 1578 siquidem
567 1496 771 1574 auctoritatis,
790 1515 859 1577 quae
881 1497 1060 1558 concitabat
1071 1497 1156 1576 prin-

223 1593 307 1672 cipes
327 1596 436 1653 contra
454 1591 527 1672 jura
551 1590 777 1667 ecclesiastica,
803 1590 906 1650 sedari
930 1590 1156 1670 aliquantisper

223 1686 333 1765 potuit,
352 1685 436 1745 nullo
448 1689 554 1746 autem
568 1685 662 1745 modo
677 1683 760 1758 tolli3
777 1684 840 1745 imo
855 1684 981 1746 videtur
992 1685 1077 1744 Deus
1089 1701 1156 1762 per·

224 1779 344 1839 misisse
371 1782 406 1838 ut
429 1795 537 1837 omnes
558 1777 703 1854 baereseS,
731 1777 835 1838 omnia
850 1777 1029 1854 schismata,
1048 1794 1156 1837 omnes

225 1871 359 1950 politicae
376 1869 586 1930 revolutiones
607 1888 676 1950 quae
698 1889 718 1930 a
741 1871 855 1931 saeculo
872 1872 911 1930 XI
928 1870 968 1930 ad
982 1888 1040 1930 nos
1056 1887 1155 1949 usque

227 1967 453 2040 successerunt,
469 1982 577 2024 ornnes
589 1963 621 2022 in
636 1963 668 2024 id
684 1965 899 2043 conspirarent
911 1967 945 2025 ut
960 1963 1034 2044 jura
1054 1967 1156 2042 potes-

226 2058 298 2120 tatis
329 2057 546 2119 ecclesiastioae
576 2057 693 2119 directo
717 2056 953 2135 imminuerent,
979 2055 1156 2137 principum

191 2219 195 2224 ,
226 2157 331 2214 autern
337 2151 411 2233 jura
421 2152 614 2214 extollerent.

265 2249 332 2308 Hoc
344 2247 427 2307 enim
437 2246 496 2307 fuit
504 2245 666 2325 proprium
674 2244 835 2305 haereseon
846 2247 939 2324 atque
952 2242 1158 2304 schismatum
1176 2309 1178 2312 ,

226 2341 326 2400 aetatis
339 2343 464 2416 nostrae,
480 2357 542 2399 non
560 2337 759 2418 dogmatibus
774 2337 849 2417 ipsis
863 2337 1091 2415 contradicere,
1109 2337 1158 2399 vel

227 2433 360 2492 delacio
385 2429 595 2492 obedientiam
611 2431 757 2492 Ecclesiae
768 2431 953 2508 detrectare,
971 2431 1027 2491 sed
1041 2431 1158 2510 princi-

225 2525 312 2603 pium
321 2522 616 2585 rebellioniscontra
626 2524 693 2604 ejus
704 2525 922 2604 auctoritatem
931 2524 1038 2586 fovere
1047 2524 1158 2603 ipsius·

227 2637 287 2698 que
296 2617 489 2680 auctoritatis
497 2621 710 2697 contemptum
718 2637 904 2698 propagare,
913 2620 959 2679 lta
971 2618 1088 2679 saeculo
1103 2619 1158 2679 Xll

227 2712 383 2773 Arnaldus
393 2711 572 2790 Brixiensis,
588 2712 646 2772 sub
661 2712 791 2772 obtentu
806 2713 944 2774 colendae
962 2711 1158 2790 paupertatis

227 2805 428 2884 evangelicae,
451 2805 619 2867 seditiones
641 2806 788 2867 movebat
811 2809 920 2866 contra
944 2805 1159 2885 possessiones

228 2897 414 2959 clericorum
434 2903 465 2960 et
485 2900 723 2976 monachorum,
745 2899 933 2979 fovebatque
953 2898 1159 2960 rebellionem

227 2991 334 3070 populi
358 2993 479 3052 romani
504 2997 613 3054 contra
636 2993 811 3072 Eugenium
834 3011 949 3070 papam
976 2994 1028 3069 111,
1051 2995 1158 3071 aperte

227 3085 368 3146 docendo
395 3085 542 3146 Ecclesiae
565 3087 751 3166 temporalia
771 3085 844 3165 jure
865 3085 1007 3145 imminui
1028 3084 1156 3161 debere,

227 3177 301 3239 solis
322 3178 365 3238 illi
381 3179 497 3240 relictis
523 3179 734 3258 spiritualibus
746 3177 880 3258 juribus.
899 3178 950 3240 Sic
966 3181 997 3239 et
1011 3179 1158 3240 Walden-

226 3291 286 3349 seS,
302 3272 359 3332 sub
379 3273 509 3334 obtentu
524 3272 773 3352 reprehendendi
786 3272 862 3334 vitia
876 3269 1074 3350 clericorum,
1091 3271 1159 3332 illo-

226 3383 297 3426 rum
309 3366 519 3427 correctiones
531 3366 720 3445 spernebant
731 3365 1037 3447 ecclesiasticamque
1052 3370 1158 3427 aucto·

226 3459 351 3520 ritatem
363 3460 548 3520 imminuere
564 3460 767 3522 conabantur.

269 3555 319 3613 Vl.
338 3554 459 3615 Saeculo
475 3553 543 3616 XIV
555 3553 720 3614 Pontifices
732 3553 869 3632 Maximi,
881 3553 1034 3615 Ave'nioni
1049 3553 1157 3616 sedem

228 3660 317 3706 suam
342 3647 576 3730 transferentes,
597 3645 791 3713 occasionem
819 3643 974 3711 dederunt
997 3645 1157 3712 schismat'
