2542 4122
377 339 415 385 aa
436 339 565 386 caruero
585 337 667 386 ruats
689 339 843 386 aaronica
1014 325 1073 390 223

143 483 275 546 returin
289 483 500 546 ecclesiastica
519 483 799 559 administratione,
816 501 897 544 unus
918 482 999 545 inter
1020 501 1074 548 eos

144 578 262 639 electus
302 580 350 638 est
385 577 592 656 omnibusque
631 577 818 656 praefectus,
854 574 1074 638 archidiaconus

141 687 276 749 nempe,
285 669 337 750 qui
349 688 406 748 pro
421 689 551 731 munere
565 687 622 731 suo
631 673 712 731 esset
722 668 956 749 quodammodo
980 687 1074 750 gene·

140 763 215 824 ralis
229 762 366 842 episcopi
381 763 526 824 maanus.

181 858 284 928 Quum
297 859 403 916 autem
425 856 485 918 hoc
503 856 672 918 vicariatus
691 873 806 916 munus
828 854 1071 917 archidiaconali

136 948 228 1010 titulo
248 952 400 1027 perpetuo
426 953 508 1010 esset
528 949 692 1026 adnexus,
719 948 791 1008 inde
817 948 935 1008 factum
964 951 1012 1010 est
1038 952 1073 1011 ut

138 1041 350 1102 archidiaconi
363 1041 459 1104 habiti
475 1045 548 1103 sont
561 1045 713 1122 tanquam
724 1039 833 1104 υίεανὶι·
848 1039 996 1120 qeneroleo
1007 1040 1075 1102 noti

138 1134 368 1213 episcoporum.

179 1227 465 1288 Sedintumuerunt
475 1227 687 1288 archidiaconi
697 1227 736 1287 de
744 1229 832 1288 tanta
840 1225 1002 1306 dignitate,
1013 1245 1071 1288 nec

135 1323 260 1381 tantum
272 1319 545 1398 compresbyteris
560 1321 599 1381 de
609 1319 847 1400 praeeminentia
867 1316 1068 1398 contendere,

134 1411 302 1473 sedetiam
320 1431 392 1473 eum
414 1412 567 1492 episcopis
582 1413 621 1473 de
643 1412 828 1474 auctoritate
847 1429 905 1473 sua
919 1412 1069 1474 dimicare

133 1504 194 1565 visi
206 1509 288 1566 sunt.
297 1505 387 1566 Unde
398 1523 496 1585 quum
508 1509 692 1584 respuerent
701 1505 890 1584 principium
897 1505 975 1565 illud
985 1505 1068 1568 unde

133 1597 341 1676 proveniebat
351 1600 418 1659 tota
446 1597 617 1658 auctoritas
631 1598 734 1659 officio
754 1597 839 1677 quod
848 1597 1001 1677 gerebant
1014 1597 1069 1658 ad·

132 1709 226 1767 nexa,
244 1691 332 1770 quasi
348 1693 492 1752 recusato
515 1691 633 1751 lumine
658 1689 827 1770 episcopali
850 1690 934 1750 unde
959 1690 1013 1750 lux
1037 1694 1069 1752 et

132 1783 270 1862 dignitas
287 1783 319 1843 in
333 1783 402 1844 illos
419 1783 656 1860 refundebatur,
672 1783 723 1844 hic
736 1783 813 1845 ordo
828 1782 941 1845 collabi
957 1782 1064 1862 coepit,

123 1879 165 1936 -et
185 1875 286 1954 primo
306 1876 433 1956 quidem
450 1875 481 1937 in
496 1877 621 1938 Oriente
639 1877 710 1938 ante
726 1875 884 1936 decimum
900 1875 1063 1952 seculum,

116 1972 243 2047 postea
252 1968 284 2028 in
294 1969 471 2046 Occidente,
480 1969 594 2030 saeculo
605 1968 729 2030 circiter
739 1967 942 2040 duodecim03
957 1971 1067 2046 postea

130 2061 284 2122 remansit
305 2061 433 2141 quidem
461 2061 569 2124 titulus
588 2079 765 2140 nomenque
790 2059 1019 2136 archidiaconi,
1033 2059 1065 2118 in

130 2153 366 2215 cathedralibus
382 2154 535 2228 ecclesiis3
548 2154 603 2215 sed
612 2153 789 2234 jurisdictio
801 2151 873 2212 huie
884 2153 1065 2229 competens

123 2245 220 2309 titulo
232 2247 397 2308 imminuta
406 2247 596 2327 omninoque
611 2247 748 2324 collapsa
763 2249 819 2307 est.

170 2339 307 2401 xxviii.
330 2341 492 2402 Evacuata
513 2340 557 2402 sio
572 2339 867 2401 archidiaconorum
887 2339 1061 2416 potestate,

124 2449 192 2492 non
208 2431 280 2492 inde
295 2435 401 2493 tamen
414 2436 576 2494 cessarunt
588 2431 697 2504 vicarii
713 2431 941 2510 episcoporum.
953 2429 1064 2492 Conci-

124 2521 206 2585 lium
220 2539 357 2604 namque
374 2527 584 2586 Lateranense
596 2525 674 2588 IV¹¹⁰³
689 2524 802 2604 (1215),
818 2528 854 2586 ut
867 2523 941 2584 huic
956 2523 1062 2602 provi-

126 2615 219 2678 deret
238 2617 392 2694 defectui,
410 2618 580 2679 admonere
604 2617 700 2696 eoepit
720 2617 894 2695 episcopos,
921 2618 955 2676 ut
975 2614 1000 2673 si
1021 2615 1062 2674 ad

125 2709 259 2770 ferenda
272 2709 443 2771 dioeceseos
458 2728 554 2772 onera
568 2729 625 2788 per
639 2729 672 2770 se
685 2727 748 2768 non
762 2708 953 2784 sufficerent,
968 2705 1061 2767 coad-

121 2802 245 2883 jutores
260 2802 473 2864 eclericorum
488 2805 571 2864 coetu
582 2802 744 2880 eligerent,
757 2799 810 2880 qui
824 2799 867 2860 ad
879 2797 1059 2880 hujusmodi

124 2894 236 2955 munia
250 2895 397 2955 obeunda
408 2894 513 2956 idonei
531 2894 782 2974 perhiberentur.

165 2987 242 3049 lude
258 2987 398 3048 obtinere
424 2987 519 3067 eoepit
540 2987 573 3048 in
595 2987 806 3048 ecclesiastica
824 2985 1006 3065 disciplina,
1024 2988 1059 3046 ut

124 3079 255 3159 antiquo
277 3079 330 3141 illo
350 3079 594 3142 archidiaconali
617 3080 718 3142 officio
740 3079 943 3141 substitutum
964 3076 1058 3138 fuerit

123 3189 239 3234 munus
264 3172 428 3254 cujusdam
447 3173 555 3235 vicarii
581 3173 736 3252 generalis
757 3173 828 3252 qui,
853 3191 911 3251 per
934 3167 1056 3248 opposi-

122 3263 241 3326 tionem
270 3265 311 3326 ad
330 3265 601 3341 archidiaconum,
626 3283 720 3346 quem
745 3265 898 3326 vicarium
922 3277 1056 3341 genera-

121 3357 185 3419 lem
220 3363 330 3421 natum
360 3359 513 3436 diximus,
539 3358 665 3420 vicarius
695 3356 839 3438 penerolir
862 3355 960 3435 scetus
993 3351 1053 3412 dici

122 3455 238 3531 posset.

163 3545 226 3608 Sed
247 3544 320 3610 licet
339 3543 550 3608 ecelesiastica
568 3541 733 3627 disciplina
752 3542 784 3602 in
808 3539 868 3600 hoe
888 3536 1054 3603 conveniat
