2542 4122
195 306 251 366 192
402 313 631 360 msrmunonns
652 315 735 360 runis
757 315 910 360 uiuorum.

194 457 360 540 peculiari,
376 474 438 518 non
456 457 497 518 ad
513 456 546 518 id
561 460 608 518 est
622 456 781 518 institutus
797 460 832 518 ut
849 475 962 536 nempe
981 463 1136 520 sucurrat

194 553 318 616 casibus
347 550 624 626 extraordinariis,
649 554 802 632 tanquam
830 551 998 612 auctoritas
1024 551 1135 611 subsi-

195 646 311 722 diaria,
328 644 383 704 sed
401 644 441 704 ad
459 643 654 704 ordinarium
669 647 700 705 ct
714 645 870 723 pastorale
889 643 1048 723 regimen,
1062 664 1135 705 res-

175 793 179 802 ,
195 739 317 822 pontive
339 737 456 800 scilicet
475 740 530 797 aut
548 737 694 798 Ecclesia
716 737 917 814 universalia,
937 740 992 798 aut
1011 737 1135 798 dioece-

196 850 291 896 sana.
362 904 366 912 Ι

236 926 325 989 Unde
340 923 507 984 ordinarius
523 922 637 984 dicitur
656 925 817 984 Romanus
832 923 974 984 Pontifex
989 942 1046 1001 pro
1062 925 1135 984 uni-

196 1018 309 1080 versali
332 1017 489 1092 Ecclesia,
510 1015 591 1076 sicut
609 1019 641 1076 et
662 1016 828 1094 episcopus
850 1017 881 1074 in
906 1034 964 1076 sua
988 1016 1128 1077 dioecesi.

197 1113 287 1176 Unde
302 1110 416 1171 iterum
431 1109 495 1169 sive
512 1111 651 1169 Romano
670 1108 812 1169 Pontifici
831 1127 888 1186 pro
911 1109 1060 1168 universa
1075 1111 1132 1169 Ec-

197 1204 303 1280 clesia,
320 1203 385 1263 sive
406 1201 559 1280 episcopis
580 1220 637 1279 pro
659 1219 717 1260 sua
740 1201 852 1279 cuique
876 1201 1059 1279 particulari
1075 1204 1132 1262 lle-

198 1298 305 1374 clesia,
314 1315 353 1356 ea
363 1297 543 1373 competant
551 1293 656 1354 omnia
666 1312 793 1354 necesse
805 1298 862 1370 est,
871 1313 941 1372 quae
953 1295 994 1354 ad
1005 1295 1136 1372 plenum

197 1389 339 1468 regimen
354 1388 557 1467 requiruntur
571 1386 728 1448 societatis
748 1386 831 1446 illius
849 1386 937 1466 cujus
957 1389 1135 1465 respective

198 1485 336 1542 rectores
360 1481 506 1541 existunt.
530 1482 604 1539 Haec
635 1483 742 1540 autem
771 1479 833 1539 duo
862 1483 934 1540 sunt
954 1500 960 1540 :
984 1479 1136 1540 ordinatio

198 1593 307 1649 rerum,
321 1577 351 1633 et
367 1573 513 1632 ordinatio
527 1591 720 1652 personarum
734 1571 766 1631 in
780 1573 875 1632 finem
896 1572 1038 1634 societati
1055 1592 1136 1652 prac-

198 1667 351 1728 stitutum.
374 1667 463 1728 Unde
490 1665 614 1743 utrique
640 1664 752 1743 gradui
780 1665 954 1742 respective
981 1666 1135 1744 competit

198 1765 266 1820 tum
279 1757 449 1818 oeconomico
461 1761 528 1816 tum
539 1757 731 1835 paternoster
745 1760 894 1834 potestas,
910 1761 968 1818 etc.

237 1856 271 1912 4⁰
286 1849 421 1911 Directio
435 1867 490 1909 seu
505 1849 659 1910 ordinatio
672 1868 879 1928 personarum
892 1849 923 1909 in
938 1851 1048 1926 finem,
1060 1851 1133 1930 jure

199 1943 420 2019 ecclesiastico,
434 1942 538 2021 quoad
557 1942 619 2002 duo
638 1943 829 2003 attenditur:
847 1943 1003 2022 principia
1018 1963 1134 2023 nempe

117 2042 120 2048 '
200 2037 378 2120 dogmatica
393 2040 423 2097 et
437 2053 561 2095 morum
582 2035 789 2113 disciplinam.
808 2036 897 2097 Unde
916 2036 1031 2114 quibus
1046 2055 1134 2098 com-

110 2149 114 2165 *
198 2133 276 2214 petit
291 2129 484 2192 ordinarium
500 2127 641 2207 regimen
658 2127 789 2207 alicujus
804 2129 965 2205 Ecclesia,
981 2129 1135 2208 competit

199 2230 231 2287 et
245 2223 461 2304 magisterium
476 2221 508 2280 in
524 2221 603 2296 fide,
618 2219 785 2298 imperium
803 2221 835 2280 in
853 2240 968 2282 mores.
987 2223 1051 2283 Sed
1070 2223 1133 2283 tale

200 2317 393 2379 ordinarium
416 2313 557 2393 regimen
578 2312 696 2373 hahent
718 2312 783 2373 sive
807 2315 954 2374 Summus
968 2315 1130 2385 Pontifex,

199 2410 263 2470 sive
279 2409 443 2486 episcopus
456 2405 638 2484 respective.
654 2405 743 2468 Unde
757 2405 921 2466 habendus
935 2411 982 2468 est
996 2411 1133 2486 uterque

197 2504 350 2578 tanquam
364 2498 514 2576 magister
529 2501 559 2557 et
573 2498 745 2576 imperator
758 2499 951 2576 respectivus
966 2499 1048 2560 illius
1064 2501 1132 2560 sive

198 2592 302 2655 totalis
322 2591 386 2652 sive
401 2589 541 2670 partialis
560 2590 717 2650 societatis
735 2609 804 2670 quae
827 2592 939 2671 cuique
962 2593 1131 2654 commissa

198 2686 342 2748 habetur.

238 2782 276 2840 V.
296 2778 341 2838 De
355 2775 654 2856 dicationepotcstatis
665 2796 752 2856 quom
766 2778 884 2837 societas
892 2777 1030 2858 perfecta
1043 2778 1131 2839 labet

198 2873 229 2932 in
242 2889 316 2930 suos.
325 2872 398 2929 Haec
412 2869 586 2947 imperandi
597 2873 745 2947 potestaS,
759 2871 797 2930 de
812 2889 874 2949 qua
884 2871 1048 2948 hactenus,
1068 2873 1129 2933 tria

180 2961 415 3040 complectitur
437 2980 443 3020 :
468 2964 500 3021 l0
517 2961 698 3022 facultatem
713 2962 936 3042 legislativam,
960 2967 995 3024 ut
1013 2983 1128 3043 nempe

198 3054 309 3118 eadem
321 3073 433 3115 norma
442 3055 616 3114 actionibus
628 3054 768 3114 omnium
776 3055 932 3116 sociorum
941 3057 1128 3118 determine-

197 3154 249 3212 tur
260 3148 454 3220 intinem;2⁰
464 3150 651 3225 potestatem
658 3146 913 3226 judiciariam,ut
923 3149 1128 3211 dubiaremo

196 3244 330 3304 veantur
345 3258 414 3319 quae
429 3240 461 3299 in
480 3239 558 3318 legis
576 3239 782 3318 applicatione
805 3246 935 3318 possunt
954 3260 1126 3321 exurgere;

196 3339 228 3397 3ο
240 3335 427 3415 potestatem
438 3331 647 3408 coercitivam,
660 3336 695 3392 ut
711 3351 763 3393 eos
778 3333 831 3412 qui
843 3334 921 3412 legis
936 3335 1126 3396 ordinationi

196 3427 363 3502 resistunt,
379 3425 409 3486 vi
428 3424 506 3504 legis
528 3423 756 3486 contineantur.
773 3426 862 3487 Unde
881 3427 945 3488 sive
965 3430 1127 3489 Romanus

197 3518 349 3592 Pontifex,
357 3517 422 3578 sive
430 3515 1123 3598 unusquisqueepiscopus,proportionedata‚
