2540 4132
314 369 423 416 LOGIGA
444 371 597 416 srscmus
617 369 700 416 sums
722 368 877 416 cruentur.
1001 355 1056 416 ΠΙ

167 515 299 588 Quando
315 515 410 594 igitur
431 519 553 576 constat
572 517 729 576 Romanos
744 514 910 574 Pontifices
925 513 1058 576 voluisse

118 607 378 670 universitatibus
391 627 566 686 proponere
580 609 637 668 has
650 607 850 669 collectiones
865 609 900 668 ut
914 606 1059 668 universa

119 701 333 763 communItas
349 701 474 760 illarum
492 701 635 763 notitiam
651 700 791 776 haberet,
814 717 875 759 non
897 703 1000 776 petest
1022 718 1059 758 ex

119 797 186 856 hac
209 813 305 854 causa
323 794 447 854 illarum
469 795 688 856 collectionum
709 791 879 854 auotoritas
906 792 1056 853 labefieri.

163 887 272 947 Prima
293 891 399 947 autem
417 887 583 948 difficultas
605 887 713 947 nititur
726 885 854 965 quidem
876 896 952 946 vero
973 884 1060 964 prin-

119 979 218 1058 cipio,
236 979 291 1038 sed
312 980 441 1057 ampliat
464 979 556 1039 nimis
576 979 820 1040 conclusionem.
847 979 925 1038 Nam
949 997 1059 1038 verum

120 1073 254 1151 quidem
276 1075 322 1132 est
345 1091 407 1132 non
436 1073 530 1132 luisse
560 1072 683 1151 singula
716 1075 921 1132 monumenta
946 1070 1058 1130 harum

120 1164 344 1224 collectionum
380 1164 559 1242 specialiter
593 1169 625 1226 et
658 1165 790 1226 seorsim
821 1163 970 1242 probata,
1003 1163 1058 1223 sed

121 1255 332 1334 approbatam
350 1256 445 1316 fuisse
469 1258 684 1339 collectionem
709 1255 880 1316 universim
900 1260 1057 1334 sumptam

120 1352 256 1410 constat.
275 1349 306 1410 Si
323 1349 418 1427 igitur
430 1350 498 1410 haec
515 1350 700 1428 approbatio
716 1347 871 1427 generalis
890 1349 960 1409 talis
975 1353 1057 1410 esset

43 1483 46 1490 ι
119 1447 254 1518 nature,
264 1444 299 1501 ut
308 1441 431 1521 singula
444 1447 649 1504 monumenta
663 1444 855 1522 nontangat
872 1441 1011 1502 lrrisorIa
1026 1447 1057 1502 et

119 1535 240 1594 inutilis
261 1534 452 1611 efficeretur,
475 1555 547 1596 cum
570 1539 670 1596 totum
686 1535 798 1596 nisiex
815 1535 944 1614 singulis
961 1534 1056 1614 parti-

118 1628 181 1689 bus
196 1627 336 1688 resultet.

160 1721 207 1780 Ex
225 1719 285 1780 hcc
300 1720 466 1799 principio,
486 1721 546 1782 hoc
566 1739 663 1782 unum
677 1723 783 1798 posset
802 1720 926 1796 deduci,
943 1738 1056 1797 nempe

119 1813 206 1892 quod
221 1831 279 1890 pro
298 1813 428 1892 singulis
449 1832 512 1874 non
528 1812 610 1874 adsit
624 1813 768 1892 specialis
782 1811 980 1892 approbatio,
998 1810 1054 1871 sed

117 1909 240 1966 tantum
253 1906 455 1984 praesumptio
466 1924 535 1986 quae
551 1906 582 1965 in
595 1906 662 1984 ipsa
673 1905 811 1983 generali
827 1903 1053 1983 approbatione

118 1997 280 2058 fundatur.
293 1999 468 2076 Eaprcpter
481 2017 537 2076 pro
553 1997 684 2076 singulis
694 1997 827 2057 militare
840 1997 952 2056 saltem
967 1995 1054 2054 vide-

117 2095 169 2151 tur
184 2091 388 2168 praesumptio
407 2089 654 2169 approbatione,
665 2089 765 2148 donec
776 2089 815 2148 de
827 2089 910 2148 facto
926 2087 1054 2146 demon·

117 2187 320 2244 stretuream
340 2183 601 2261 approbationem
625 2181 731 2240 datam
752 2197 815 2240 non
836 2179 942 2238 fuisse.
965 2179 1051 2252 Quas,

116 2295 165 2336 ex.
189 2295 236 2354 g.‚
263 2275 415 2354 contingit
440 2276 493 2335 ubi
519 2273 693 2352 reperimus
719 2271 897 2332 sanctiones
925 2269 1052 2330 omniuo

117 2368 291 2446 oppositas,
309 2387 369 2447 quo
390 2369 421 2428 in
435 2387 520 2444 casu,
539 2386 610 2428 cum
628 2365 812 2444 approbatio
828 2382 890 2425 non
905 2361 1003 2442 possit
1021 2362 1052 2422 in

118 2461 399 2522 contradictionem
408 2461 494 2537 ferri,
513 2461 664 2520 debemus
674 2459 829 2519 deducere
844 2455 1051 2518 recentiorem

116 2554 312 2614 sanctionem
333 2553 550 2614 tantummodo
566 2551 763 2612 retinendam
787 2569 875 2626 osse,
900 2549 1052 2627 priorem-

115 2665 177 2726 que
186 2645 406 2724 nihilamplius
417 2647 456 2706 ad
462 2643 912 2726 juspracticumredigendam
923 2641 1048 2713 haberi;

115 2739 172 2798 sed
192 2738 242 2798 hae
263 2737 384 2815 priores
404 2738 444 2799 ad
466 2739 565 2798 solam
595 2735 804 2796 eruditionem
823 2735 964 2796 conterre
980 2752 1052 2812 pos-

114 2835 199 2892 sunt.
565 2881 572 2893 .

154 2925 264 2984 XVlll.
281 2925 327 2983 Ex
340 2924 429 2984 dictis
447 2941 612 3002 possumus
623 2925 789 3002 sequentes
805 2939 942 2984 canones
963 2939 1051 2998 prac-

114 3015 193 3076 ticos
204 3015 244 3076 do
257 3017 441 3078 auctoritate
457 3017 570 3076 harum
583 3014 800 3077 collectionum
815 3031 1009 3093 proponere:

157 3107 231 3169 Con.
247 3111 270 3168 1.
298 3111 500 3171 llonumenta
521 3128 576 3169 seu
596 3125 732 3168 canones
752 3125 822 3186 quae
847 3105 1051 3184 comprehen-

116 3200 236 3260 duntur
250 3201 281 3260 in
301 3202 537 3264 collectionibus
551 3199 690 3279 Gregorii
705 3201 757 3276 IX,
771 3198 922 3261 Bonilacii
937 3199 1006 3259 VIII
1021 3202 1052 3257 et

116 3293 286 3354 Clementis
302 3297 339 3370 V,
361 3295 426 3354 vim
440 3293 595 3373 generalis
616 3293 694 3371 legis
716 3292 867 3367 obtinent,
889 3307 1050 3370 quousque

116 3403 179 3446 non
196 3387 481 3448 demonstraturos
498 3406 560 3448 non
580 3385 674 3446 fuisse
695 3385 880 3447 auctoritate
896 3383 1051 3443 dictorum

116 3481 332 3540 Romanorum
346 3481 532 3542 Pontificum
544 3480 729 3558 approbata,
746 3479 797 3538 vel
806 3472 971 3538 recentiori
979 3471 1049 3551 jure

115 3570 272 3650 abrogata
285 3573 334 3634 vel
351 3573 527 3637 immutata
