2540 4132
317 381 423 440 socrui
445 395 599 440 sonemus
620 397 703 441 rums
731 397 885 445 curorrcr.
1011 383 1068 446 us

130 554 208 596 rum
233 535 419 596 Pontificum
449 537 698 614 constitutiones
725 541 792 598 tum
815 537 889 618 quia
913 539 1069 616 perhanc

130 632 263 689 aetatem
283 628 345 688 duo
363 629 497 690 concilia
513 629 675 708 generalia
692 629 837 708 Lugduni
851 630 958 691 habita
972 637 1066 694 sunt:

129 720 274 800 prImum
292 722 485 782 celebratum
506 723 565 783 sub
588 723 769 783 Innocentio
794 723 846 799 IV,
873 741 955 782 anno
977 727 1067 798 12433

131 813 272 873 altorum
295 814 353 873 sub
378 815 527 893 Gregorio
552 817 590 890 X,
614 833 696 874 anno
721 819 808 875 1274.
835 815 1070 894 lgiiurBonila-

130 905 202 966 cius
217 907 297 982 VIII,
325 906 376 984 qui
397 909 471 966 tunc
491 907 641 986 temporis
662 926 828 967 romanum
849 907 981 986 gerebat
995 925 1070 986 pcn-

129 997 298 1074 tifioatum,
315 997 353 1057 dc
369 1017 451 1059 nova
469 1000 592 1059 edenda
610 1001 792 1061 collectione
807 999 971 1060 consilium
990 999 1067 1061 iniit.

173 1093 263 1150 Hanc
288 1109 362 1170 ergo
383 1092 482 1152 tribus
503 1111 523 1152 a
548 1112 581 1152 se
604 1092 731 1153 delectis
755 1093 829 1154 viris
846 1091 1070 1172 perficiendam

131 1183 302 1259 commisit,
319 1203 433 1262 nempe
461 1185 635 1262 Guillelmo,
657 1185 893 1264 archiepiscopo
924 1183 1070 1244 Ebrudu-

132 1276 243 1350 nensi;
258 1277 616 1355 Berengario,episcopo
627 1277 808 1353 Biterrensi,
826 1275 1018 1337 etllichardo
1031 1276 1070 1336 de

134 1369 238 1445 Senis,
262 1371 294 1430 S.
324 1372 359 1430 R.
388 1371 423 1430 lc.
453 1369 719 1446 vicecancellaric,
746 1371 777 1430 et
803 1368 965 1448 utriusque
989 1367 1070 1448 juris

94 1523 97 1528 Α
133 1464 275 1524 doctore.
291 1463 359 1522 Non
371 1465 476 1523 tamen
494 1463 597 1522 animo
611 1461 784 1542 abrogandi
802 1461 991 1522 anteriorem
1006 1459 1071 1520 col·

132 1555 302 1616 lectionem
325 1555 464 1633 Gregorii
487 1557 528 1616 IX
551 1555 635 1616 edita
658 1558 706 1615 est
727 1554 795 1614 haec
808 1553 961 1628 collectio,
979 1551 1069 1613 sicuti

133 1649 186 1708 ille
196 1650 316 1708 fecerat
328 1647 366 1706 de
380 1647 650 1724 antecedentibus,
659 1647 714 1707 sed
727 1645 831 1706 animo
843 1645 955 1705 edendi
967 1645 1070 1722 potius

134 1741 307 1821 quemdam
329 1740 536 1819 appendicem
561 1740 610 1800 vel
636 1739 794 1819 quoddam
817 1737 1070 1817 supplementum

134 1833 310 1896 collectioni
336 1833 546 1912 Gregorianae.

175 1927 266 1988 Unde
290 1927 402 1986 horum
426 1925 521 1988 trium
535 1924 675 1985 virorum
696 1923 807 1984 studiis
831 1923 949 1984 tactum
973 1925 1072 1982 estut

131 2041 173 2081 ex
198 2017 340 2098 pluribus
364 2017 638 2079 constitutionibus
660 2015 827 2094 pontificiis
855 2013 959 2088 editiS,
987 2013 1037 2071 vel
1053 2031 1073 2072 a

135 2112 287 2190 Gregorio
311 2113 352 2172 IX
365 2114 435 2190 post
454 2109 665 2170 Decretalium
688 2105 952 2184 compilationem,
979 2103 1029 2163 vel
1054 2121 1074 2162 a

132 2204 339 2284 sequentibus
348 2201 551 2264 Pontificibus
566 2200 709 2262 Maximis
729 2197 960 2274 colligerentur,
986 2193 1072 2254 addi-

133 2299 238 2377 tisque
254 2296 425 2358 canonibus
435 2293 639 2356 conciliorum
651 2293 786 2353 ducrum
803 2285 1069 2368 Lugdunensium,

134 2409 220 2452 nova
242 2392 470 2468 proponeretur
484 2386 625 2449 collectio
644 2381 864 2446 Decretalium.
889 2383 976 2441 Hanc
995 2397 1071 2459 ergo

134 2488 288 2563 tanquam
298 2479 632 2560 appendicemvprioris
649 2473 850 2551 collectionis,
868 2493 981 2552 nempe
997 2475 1072 2533 Gre-

133 2575 215 2655 gorii
228 2577 280 2651 lX,
298 2574 407 2634 maluit
419 2571 597 2634 Bonifatius
616 2571 684 2634 VIII
697 2587 810 2630 vocare
824 2566 950 2627 Sectam
963 2564 1072 2624 Decre-

136 2669 253 2741 toliom,
272 2667 360 2747 quasi
381 2669 503 2726 sextum
522 2665 638 2725 librum
658 2659 868 2723 Decretalium
883 2657 923 2718 ad
935 2657 1072 2736 quinque

131 2762 200 2842 jam
226 2759 326 2820 editos
356 2757 605 2836 superadditum.
631 2757 759 2815 Factam
780 2749 996 2812 collectionem
1015 2767 1071 2828 pu-

134 2853 275 2928 blicavit,
293 2851 382 2912 sicuti
406 2853 618 2910 antecessores
641 2846 699 2923 sui,
724 2845 810 2904 illam
829 2843 980 2903 mittendo
1004 2841 1073 2902 uni-

134 2943 277 3007 versitati
292 2942 492 3018 Bononiensi,
507 2941 557 3002 vel
577 2938 754 3014 Parisiensi,
782 2939 816 2996 ut
831 2935 882 2995 alii
895 2935 1014 3011 volunt,
1038 2937 1073 2994 ut

135 3039 282 3100 doctores
307 3040 338 3096 et
361 3035 519 3096 scholares
542 3033 585 3093 ihi
611 3033 841 3092 commorantes
857 3047 895 3088 ea
910 3029 1073 3088 uterentur

134 3136 203 3194 tum
216 3131 248 3190 in
261 3128 398 3210 judiciis,
415 3133 483 3189 tum
494 3127 526 3186 in
537 3125 662 3186 scholis.

176 3224 260 3286 Ordo
269 3225 410 3282 retentus
420 3221 452 3280 in
467 3217 527 3280 hac
543 3218 724 3279 collectione
741 3219 787 3277 est
802 3213 955 3292 analogus
970 3208 1072 3272 ordini

136 3315 303 3378 anterioris
322 3313 525 3390 collectionis,
540 3329 656 3394 nempe
669 3311 701 3370 in
724 3309 861 3389 quinque
876 3306 974 3366 libros
994 3299 1073 3360 divi-

136 3409 232 3486 ditur,
247 3407 319 3468 libri
334 3406 366 3466 in
383 3405 500 3482 titulos,
518 3408 549 3465 et
563 3403 644 3465 tituli
657 3403 689 3462 in
706 3401 820 3485 capita.

176 3503 257 3562 XIII.
283 3499 345 3561 Sed
366 3497 576 3560 crescentibus
601 3496 633 3555 in
658 3495 724 3555 dics
743 3489 910 3571 pontificiis
925 3483 1073 3546 constitu·

136 3592 286 3670 tioniboS,
301 3591 450 3672 cogitarit
465 3591 607 3652 Clemens
620 3587 786 3666 V(primus
801 3599 913 3658 nempe
931 3575 1073 3639 Pontifex
