2542 4122
194 305 251 364 196
393 317 625 363 msrrrunonns
646 320 729 365 sums
751 318 906 364 panormi.

191 460 286 540 Atqui
296 461 337 522 ad
349 462 445 522 finem
456 462 713 540 consequendum
725 461 936 523 necessarium
951 463 1009 538 est,
1021 461 1132 522 media

191 573 249 631 per
263 558 452 633 potestatem
477 555 640 633 legiferam
655 556 815 633 proposita
837 555 895 616 rite
910 555 1078 634 applicari;
1097 555 1131 614 id

191 652 297 709 autem
308 651 448 726 spectata
460 653 554 708 rectae
566 649 783 726 applicationis
795 653 916 724 natura,
932 647 1130 727 humanique

191 742 369 803 intellectus
393 740 590 817 diversitate,
613 761 897 820 perversarumque
919 741 1131 820 cupiditatum

192 840 280 912 austu,
298 853 359 914 quo
375 852 438 893 non
457 852 529 894 raro
542 837 757 894 transversum
772 835 905 913 agimur,
922 833 990 894 ficri
1004 835 1127 912 nequit,

192 929 250 988 nisi
265 928 297 987 in
307 927 376 1005 ipsa
388 926 537 987 societate
551 930 689 1005 potestas
703 927 752 1003 sit,
768 927 818 987 cui
834 946 945 1004 parere
960 945 1070 987 omnes
1083 931 1129 987 10

192 1024 336 1096 ceantur,
355 1020 393 1078 de
405 1037 481 1080 vera
487 1019 636 1099 justaque
646 1020 823 1080 mediorum
837 1019 1047 1098 applicatione
1060 1024 1130 1080 tum

192 1115 224 1174 in
236 1133 280 1190 00,
298 1116 366 1174 tum
376 1112 473 1173 relate
489 1113 529 1172 ad
544 1113 700 1173 sociorum
715 1113 855 1174 actiones
866 1112 1047 1192 judicandi;
1066 1131 1130 1192 qua

192 1207 224 1266 in
233 1225 267 1266 re
278 1208 415 1284 potestas
426 1205 594 1285 judiciaria
609 1205 759 1266 consistit.
770 1208 853 1285 Ergo
865 1205 1015 1283 competit
1030 1205 1130 1266 socie-

193 1299 247 1360 tati
256 1300 405 1377 ‚perfecta
421 1302 559 1376 potestas
569 1297 747 1377 judiciaria.

232 1414 245 1448 n
271 1391 299 1468 0)
323 1393 531 1452 confirmatur
550 1391 720 1468 propositio
740 1391 845 1470 quoad
869 1390 1005 1469 primam
1021 1393 1130 1468 potes-

129 1549 133 1556 ,
193 1483 264 1544 tatis
271 1483 447 1562 judiciariae
460 1487 592 1561 partem,
606 1483 638 1542 id
653 1487 701 1544 est
712 1487 891 1561 competere
906 1483 1048 1544 societati
1059 1501 1131 1560 per·

192 1578 280 1636 lectae
292 1575 344 1653 jus
361 1576 570 1653 cognoscendi
584 1576 709 1636 devera
721 1576 869 1655 justaque
882 1577 1062 1637 mediorum
1075 1594 1131 1654 ap-

192 1667 358 1745 plicatione
380 1668 462 1727 inse
483 1673 633 1746 spectata,
660 1674 813 1748 quatenus
835 1670 982 1729 nimirum
999 1669 1132 1728 adeum

191 1760 321 1820 modum
336 1779 511 1820 accensum
525 1762 669 1822 facienda
684 1762 732 1838 sit,
750 1781 812 1840 quo
826 1763 936 1822 eadem
952 1762 1060 1822 media
1073 1781 1132 1840 per

192 1856 380 1931 potestatem
389 1848 553 1930 legiferam
566 1855 653 1914 fuere
668 1855 839 1932 proposita.
852 1855 927 1935 lljus
941 1858 989 1915 est
999 1873 1132 1933 coguos-

193 1965 265 2008 0000
282 1946 321 2005 de
336 1963 410 2005 vcro
435 1946 543 2024 legum
562 1966 666 2023 sensu,
691 1947 779 2026 cujus
793 1951 840 2008 cst
854 1948 935 2007 ferre
947 1949 1047 2026 leges
1064 1952 1133 2008 tum

193 2041 275 2120 quia.
291 2057 382 2100 nemo
404 2039 515 2099 melior
535 2039 690 2117 interpres
705 2043 762 2116 est,
784 2059 878 2119 quam
899 2041 966 2118 ipse
982 2040 1043 2116 sui,
1064 2044 1132 2100 tum

194 2133 334 2214 quiajos
356 2132 565 2211 cognoscendi
588 2132 627 2192 de
653 2132 775 2210 legibus
791 2133 929 2193 cohaeret
950 2133 1132 2193 necessario

192 2227 337 2304 potestati
355 2226 504 2304 legiferae,
522 2242 592 2304 quae
615 2225 732 2286 inutilis
757 2227 857 2302 fieret,
883 2226 908 2286 si
934 2226 1025 2288 alteri
1044 2225 1132 2286 inde-

192 2321 365 2396 pendenter
379 2319 584 2397 alegislatore
598 2317 762 2378 arbitrium
776 2318 1004 2380 concederetur
1016 2338 1072 2379 eas
1087 2319 1131 2378 ad

192 2430 317 2470 sensum
331 2430 423 2469 suum
437 2411 654 2489 detorquendi.
671 2411 765 2490 Atqui
777 2411 917 2472 societati
934 2412 1086 2490 competit
1096 2412 1131 2471 in

122 2505 125 2510 “
193 2521 265 2562 0000
281 2506 419 2580 potestas
442 2503 562 2562 ferendi
591 2505 691 2582 leges;
714 2523 790 2581 ergo
805 2503 899 2564 etiam
913 2508 1053 2582 potestas
1080 2523 1133 2566 co-

192 2595 365 2674 gnoscendi
377 2596 415 2654 de
426 2595 559 2673 legibus,

232 2715 245 2749 n
272 2690 299 2769 b)
330 2691 539 2752 confirmatur
563 2689 668 2768 quoad
693 2689 824 2748 alteram
846 2692 987 2766 partem,
1022 2690 1055 2750 id
1080 2694 1128 2750 est

193 2786 369 2860 competere
381 2782 521 2844 societati
535 2782 682 2860 perfectae
689 2781 741 2861 jus
755 2782 965 2861 cognoscendi
978 2782 1130 2843 (1000010-

192 2893 263 2934 rum
288 2875 472 2951 actionibus,
492 2879 595 2936 utrum
613 2893 687 2934 vero
703 2875 810 2952 legum
824 2874 928 2934 sensui
949 2875 1130 2936 conformes

191 2967 262 3028 sint.
292 2966 366 3046 Ejus
389 2971 435 3027 001
457 2986 646 3046 cognoscere
670 2967 709 3028 de
732 2967 891 3028 actionum
906 2967 1130 3028 conformitate

190 3078 264 3121 vero
277 3061 382 3138 legum
394 3061 509 3136 sensui,
524 3060 612 3140 cujus
628 3063 675 3121 001
686 3078 797 3119 verum
812 3060 919 3138 legum
934 3079 1063 3120 sensum
1074 3060 1130 3119 de·

190 3152 370 3214 terminare.
386 3153 480 3232 Atqui
497 3152 651 3231 ejusmodi
667 3155 804 3229 potestas
820 3152 961 3214 societati
979 3152 1130 3230 perfectae

191 3265 229 3306 00
248 3245 338 3306 dictis
354 3245 518 3324 competit3
534 3263 609 3322 ergo
622 3244 717 3304 etiam
734 3245 842 3305 altera.

230 3341 309 3401 Vlll.
334 3361 347 3396 0
373 3338 419 3399 Dc
432 3329 584 3418 potestate
601 3337 739 3398 00001100.
764 3337 942 3417 Propositio.
972 3337 1133 3416 Competit

191 3432 331 3493 societati
344 3433 490 3510 perfecta
503 3433 641 3508 potestas
655 3430 805 3490 coactiva.

231 3544 244 3578 n
271 3522 363 3584 Proh.
379 3525 427 3584 Ad
438 3522 595 3583 societatis
607 3523 702 3581 finem
713 3522 919 3584 obtinendum
934 3525 1056 3584 nonest
1068 3523 1134 3584 suf·
