2518 4144
450 678 552 758 PARS
583 679 711 759 ΡΒΙΜΙ

252 1010 375 1075 Loolci
399 1012 581 1078 sections
603 1015 706 1078 tuuis
729 1014 905 1080 cinonlcl.

535 1193 625 1220 ⁴¹0--

153 1369 229 1430 Haec
242 1369 344 1449 prima
357 1389 430 1450 pars
442 1369 613 1450 discipliuae
630 1377 760 1452 nosuoe,
781 1393 836 1436 seu
850 1375 954 1456 logica
972 1395 1043 1456 spc-

106 1461 201 1524 cialis
212 1461 293 1542 juris
307 1463 459 1541 canonici,
473 1463 506 1523 in
527 1463 606 1525 duos
618 1465 715 1528 libros
730 1466 890 1546 dividitur,
908 1487 1042 1550 quorum

105 1554 233 1634 primus
254 1556 313 1617 erit
334 1557 372 1619 de
395 1555 532 1618 fontibus
552 1557 632 1637 juris
647 1559 805 1636 canonici,
823 1580 878 1623 scu
900 1562 940 1624 de
964 1561 1041 1642 legi-

105 1649 182 1725 bus,
200 1651 231 1709 ct
245 1649 323 1710 alter
337 1651 375 1710 do
386 1649 480 1711 modo
500 1648 666 1710 hauriendi
680 1652 874 1716 ventetemc
889 1653 1038 1730 tontibus,

106 1759 168 1802 seu
183 1741 223 1802 de
236 1745 323 1804 recta
331 1742 586 1822 interpretatione
597 1761 764 1808 cononum.

407 2107 538 2182 LIBER
564 2109 745 2184 PRIMUS.

135 2321 183 2373 DE
205 2319 373 2374 FONTIBUS
390 2319 488 2374 Junls
506 2319 688 2385 CANONICi,
706 2319 770 2374 SEU
791 2318 837 2374 DE
854 2319 1014 2416 LEGIBUS.

151 2522 392 2584 Notandumt
345 2541 378 2584 cs
379 2523 482 2602 tlogis
495 2539 610 2582 nomen
625 2520 791 2601 dupliciter
804 2521 960 2601 usurpari,
969 2541 1040 2602 pro·

107 2615 180 2696 prio
195 2633 307 2694 nempe
321 2634 413 2678 sensu
429 2613 481 2676 ct
473 2613 655 2694 improprio.

151 2707 281 2788 Proprio
298 2727 391 2770 sensu
408 2707 553 2787 intelligit
554 2726 592 2767 ur
540 2707 660 2768 tlex
679 2723 749 2787 quae
770 2706 840 2768 talis
858 2711 905 2768 cst
914 2708 1040 2787 ,qualis

105 2803 142 2863 in
157 2801 281 2863 formali
301 2821 394 2862 sensu
408 2800 588 2872 habetur3
580 2801 751 2880 improprio
771 2818 881 2877 sensu,
897 2800 947 2861 lex
968 2805 1041 2864 suut

107 2893 234 2956 codices
249 2912 304 2956 scu
319 2893 434 2956 tobulae
450 2913 487 2954 cx
503 2894 616 2973 quihus
630 2893 735 2954 littera
749 2893 826 2973 legis
841 2892 913 2955 sciri
924 2897 1037 2973 potest.

150 2988 216 3071 Sub
233 2989 263 3048 1⁰
280 2991 424 3066 respectu
443 2986 615 3068 qualitatem
631 2985 710 3066 logis
722 3005 851 3048 noscero
864 2985 1037 3064 debemus;

106 3080 168 3142 suh
182 3085 225 3157 2⁰,
241 3080 303 3142 loco
317 3080 371 3142 ubi
385 3081 471 3160 leges
485 3079 694 3141 continentur.

149 3174 239 3237 Unde
259 3174 375 3254 duplici
397 3173 534 3236 sectione
552 3173 631 3252 logis
650 3172 860 3253 cognitionem
872 3192 1040 3255 proseque-

106 3285 191 3344 mur,
202 3269 232 3328 i¹¹
245 3266 365 3347 delego
378 3267 505 3348 proprio
518 3285 611 3329 sensu
623 3266 831 3344 considerato,
845 3286 900 3329 seu
910 3267 949 3328 dc
961 3267 1040 3347 legis

107 3360 274 3441 quo-litam
292 3365 324 3422 2³
334 3360 373 3422 dc
387 3361 457 3442 loge
469 3359 640 3441 improprio
651 3379 743 3421 seusu
759 3360 967 3436 considendo,
984 3378 1039 3420 seu

107 3452 148 3513 de
169 3453 345 3531 codicibus,
369 3454 419 3516 vel
442 3455 482 3515 de
505 3471 668 3516 sacrorum
699 3472 855 3516 canonum
880 3451 1040 3524 collectio-

106 3544 208 3608 nibus.
