2542 4122
214 309 271 370 188
423 319 756 366 rnsr1rurronnsrun1s
778 319 933 364 cruorum.

253 465 343 528 Unde
358 464 426 526 haec
436 463 468 523 in
478 481 593 543 genere
604 481 770 540 possumus
785 462 973 523 constituere
989 463 1021 522 iu
1037 465 1147 524 ordine
1233 469 1236 472 ’

214 558 254 620 ad
269 557 478 618 ministerium
492 555 783 616 sacramentalium:

254 655 284 711 l⁰
306 650 417 712 Omnia
440 649 679 710 sacramentalia
704 667 773 728 quae
801 648 1036 709 consecratione
1052 651 1150 710 eonfi-

214 743 415 822 ciunturjure
426 742 636 816 ecclesiastico
647 741 815 820 episcopali
825 732 926 802 ordini
935 745 1146 820 reservantur,

214 836 303 899 sicuti
319 835 424 897 divino
443 835 514 914 jure
531 834 716 913 episcopalis
731 833 849 895 ordinis
864 833 1000 912 propria
1015 838 1063 895 est
1088 836 1148 896 col-

213 931 288 991 latio
304 927 549 993 confirmationis
563 931 593 988 et
609 927 737 987 ordinis.

254 1027 285 1084 2⁰
307 1020 545 1082 Benedictiones
568 1039 637 1100 quae
662 1039 720 1098 per
742 1038 858 1099 aquam
877 1021 1041 1080 lustralem
1056 1024 1149 1100 perfi-

215 1116 340 1176 ciuntur
354 1113 516 1192 proprium
535 1113 744 1173 ministerium
759 1116 806 1172 est
824 1113 1049 1190 presbyteralis
1068 1115 1150 1174 ordi-

216 1208 274 1270 nis.
291 1206 380 1269 Unde
392 1206 463 1286 jure
481 1205 688 1266 ecclesiastico
700 1205 866 1283 presbyter
879 1205 995 1265 horum
1010 1207 1149 1267 omnium

215 1298 389 1380 generatim
404 1298 561 1378 loquendo
578 1297 754 1358 ordinarius
766 1301 814 1357 est
825 1297 977 1373 minister,
990 1298 1073 1360 sicut
1079 1299 1149 1378 jure

216 1392 320 1452 divino
336 1390 532 1468 baptismatis
547 1393 594 1450 est
606 1389 748 1450 minister
759 1389 945 1450 ordinarius.

255 1486 286 1543 3⁰
307 1483 493 1544 Interiorum
518 1482 664 1543 ordinum
689 1483 817 1561 gradus,
834 1481 924 1542 sicuti
948 1481 1020 1563 jure
1045 1482 1149 1544 divino

216 1576 330 1636 nullius
345 1575 531 1636 sacramenti
547 1575 754 1636 ministerium
768 1575 895 1651 habent,
913 1575 957 1636 ita
972 1595 1032 1635 nec
1048 1595 1151 1636 sacra-

216 1667 399 1728 mentalium
436 1668 702 1728 conficiendorum
731 1667 803 1747 jure
834 1668 1058 1730 ecclesiastico.
1091 1669 1150 1730 Sed

217 1760 1147 1838 cumsacramentaliasintpuraeinstitutionisecclesiasticae,

218 1856 386 1932 propterea
400 1851 441 1912 ad
455 1852 602 1913 Ecclesiae
626 1853 790 1914 arbitrium
809 1857 940 1932 possunt
953 1853 1082 1914 illorum
1095 1854 1150 1914 mi-

217 1945 306 2006 nistri
317 1948 404 2005 extra
415 1945 556 2006 ordinem
569 1946 724 2008 constitui.
741 1945 816 2006 Inde
828 1947 969 2024 estquod
980 1947 1150 2026 aliquando

218 2038 312 2101 etiam
333 2037 532 2099 inferioribus
557 2038 720 2100 ordinibus
739 2038 870 2118 alicujus
889 2039 1090 2100 ministrandi
1104 2059 1151 2102 sa·

219 2131 417 2194 oramentalis
432 2134 569 2211 potestas
583 2131 742 2208 tribuitur,
755 2131 911 2193 ueletiam
926 2133 1034 2212 aliqua
1050 2133 1149 2194 bacin

218 2244 252 2285 re
268 2225 335 2286 dari
351 2228 453 2304 potest
467 2223 668 2302 dispensatio,
687 2242 757 2304 quae
779 2224 876 2284 divini
898 2224 979 2304 juris
1002 2223 1067 2286 non
1082 2226 1150 2286 sinit

219 2317 437 2394 immobilitas,
455 2317 487 2376 in
510 2316 618 2377 ordine
644 2317 790 2377 videlicet
816 2317 857 2377 ad
883 2323 1150 2381 sacramentorum

220 2407 533 2469 administrationem.

601 2579 705 2629 CAPUT
722 2579 764 2629 lll.

462 2736 495 2773 DE
513 2734 674 2773 HIERARCHIA
691 2736 906 2776 JURISDICTIONIS.

260 2865 283 2922 l.
301 2863 349 2922 Ad
364 2863 462 2924 instar
474 2865 570 2926 divini
582 2865 661 2947 juris
677 2867 761 2945 quod
784 2868 824 2928 ab
839 2869 926 2930 initio
950 2869 1148 2931 constitutum

221 2958 282 3032 cst,
311 2973 458 3033 suprema
480 2958 512 3017 in
535 2959 706 3020 Ecclesiam
726 2960 874 3021 tribuitur
894 2963 1066 3023 auctoritas
1092 2980 1148 3021 non

219 3051 342 3109 tantum
356 3049 409 3108 uni
425 3049 575 3129 singulari
600 3069 742 3130 personae
759 3053 886 3132 (Petro),
904 3055 960 3115 sed
976 3055 1072 3114 etiam
1087 3053 1149 3113 uni·

221 3139 359 3202 versitati
380 3141 522 3222 (collegio
538 3144 751 3222 apostolorum
775 3147 867 3205 Petro
892 3145 1147 3224 cohaerentium);

162 3229 163 3233 ’
221 3233 305 3314 quod
332 3233 376 3293 sic
402 3236 612 3298 constituebat
625 3237 802 3317 subjectum
820 3257 975 3317 supremae
990 3238 1149 3318 potestatis

219 3330 288 3388 turn
300 3326 331 3386 in
346 3346 409 3386 una
423 3347 557 3406 persona
576 3328 716 3406 physica,
731 3327 801 3391 'tum
814 3331 845 3390 in
861 3350 925 3392 una
939 3350 1075 3410 persona
1088 3349 1149 3390 mc·

220 3419 289 3495 reli,
313 3438 367 3479 seu
392 3422 533 3500 collegio,
559 3421 705 3482 continuo
728 3424 907 3485 verificatur
930 3426 961 3484 in
977 3424 1149 3485 oeconomia

223 3510 439 3574 ecclesiasticae
449 3513 684 3591 jurisdictionis,
698 3518 732 3576 ut
745 3533 857 3594 nempe
868 3516 961 3597 hujus
976 3517 1094 3596 gradus
1106 3535 1149 3575 re-
