2542 4122
387 385 427 430 nu
448 385 577 432 obsecro
596 388 679 433 roms
702 387 856 434 annorum.
1030 371 1085 434 221

157 525 220 589 boe.
239 529 318 588 Nam
337 526 410 588 licet
432 527 537 606 quoad
561 529 700 590 officium
713 531 782 590 tum
795 529 932 590 neamus
945 529 1090 608 apostoli·
1186 527 1190 534 '

157 640 224 697 cue,
241 624 308 682 tum
324 619 489 698 episcopus
504 621 669 702 coadjutor
687 622 771 682 idem
784 625 921 700 praestet,
938 625 1089 701 conceptu

156 716 261 774 tamen
281 712 407 792 jurisin
430 731 467 774 eo
487 713 635 775 differunt
649 715 733 794 quod
755 714 891 775 vicarius
904 715 1091 793 apostolicus

157 805 290 867 Romani
315 805 473 866 Pontifiois
496 805 621 866 nomine
645 810 677 866 et
690 806 940 885 independenter
953 807 993 867 sb
1013 807 1091 885 epis

157 917 237 976 copo
261 915 352 958 suam
376 897 529 958 exerceat
538 898 771 973 auctoritatem
794 899 958 977 episcopus
986 903 1091 960 autem

157 991 324 1070 coadjutor
353 1009 416 1052 nou
444 989 483 1050 sit
513 990 571 1051 nisi
602 990 738 1052 vicarius
771 991 927 1070 generalis
955 991 1091 1071 episcopi

159 1083 270 1145 ordine
282 1081 449 1162 episcopali
464 1083 639 1162 insignitus,
652 1083 705 1162 qui
718 1083 791 1145 licet
805 1103 824 1144 a
836 1087 976 1145 Romano
989 1085 1092 1145 Ponti-

112 1178 124 1190 “
160 1178 218 1237 fica
239 1176 416 1254 deputetur,
435 1179 541 1237 tamen
560 1195 623 1237 non
636 1178 812 1236 Romanum
826 1176 1019 1253 Pontificem,
1037 1176 1092 1237 sed

159 1269 342 1348 episcopum
358 1267 526 1348 coadjuvat
546 1271 577 1329 et
590 1271 796 1346 repraesentat
810 1268 842 1328 in
855 1269 994 1330 dioecesi.
1011 1271 1093 1342 Qua-

159 1365 289 1440 propter
309 1360 417 1421 vicarii
434 1360 597 1438 apostolici
622 1361 799 1439 delegatam
813 1361 932 1423 babent
947 1361 1093 1441 jurisdic-

160 1453 290 1530 tionem,
306 1471 325 1517 a
340 1455 481 1514 Romano
496 1471 609 1532 nempe
624 1452 786 1532 Pontifice,
803 1453 893 1534 cujus
908 1453 1094 1516 auctoritate

161 1545 404 1606 constituuntur.

200 1643 232 1700 ΞΟ
245 1637 409 1700 Mittuntur
434 1641 540 1700 autem
562 1658 581 1699 a
600 1641 742 1701 Romano
770 1639 921 1700 Pontifiee
940 1642 976 1700 ut
988 1639 1093 1700 locum

160 1731 209 1792 sui
233 1730 402 1792 vicariatus
421 1731 509 1810 quasi
536 1731 673 1811 episcopi
690 1733 876 1812 gubernent.
903 1733 985 1810 Ergo
1000 1750 1094 1811 gene·

161 1823 255 1885 ratim
269 1823 469 1902 loquendoid
482 1827 585 1902 potest
598 1825 733 1886 vicarius
744 1825 933 1903 apostolicus
948 1825 980 1884 in
996 1825 1094 1886 ecele-

162 1917 209 1977 sia
226 1916 273 1976 sui
286 1915 454 1977 vicariatus
469 1917 554 1996 quod
570 1917 734 1995 episcopus
752 1917 784 1976 in
797 1935 854 1977 sua
872 1916 1000 1977 dioecesi
1014 1935 1023 1990 ;
1039 1915 1095 1976 sed

161 2008 336 2088 generatim
345 2009 501 2088 loquendo
514 2012 647 2085 tantum,
660 2027 734 2068 nam
748 2008 792 2068 illi
806 2007 915 2070 vicarii
930 2007 1094 2086 apostolici

163 2102 216 2182 qui
231 2101 397 2162 mittuntur
408 2101 449 2162 ad
473 2101 620 2162 ecclesias
634 2104 798 2161 nascentes
813 2119 869 2160 seu
882 2100 923 2160 ad
943 2100 1014 2160 loca
1026 2099 1095 2159 infl-

163 2193 280 2254 delium
295 2195 455 2254 uberiores
469 2193 502 2254 in
520 2194 676 2254 mandatis
693 2193 810 2253 habent
831 2192 1007 2268 facultates,
1025 2209 1094 2270 quae

161 2305 275 2365 nempe
296 2286 479 2347 necessaria
495 2291 567 2347 sunt
579 2287 629 2346 vel
646 2289 831 2365 opportunae
846 2284 887 2344 ad
901 2283 984 2344 hanc
998 2283 1096 2344 infor·

159 2379 310 2438 mandam
333 2378 602 2440 christianitatem.
630 2379 765 2440 Minores
790 2381 897 2438 autem
921 2377 1038 2438 dantur
1052 2376 1096 2436 fa-

161 2471 293 2532 cultates
307 2471 367 2532 illis
388 2471 440 2550 qui
455 2471 494 2531 ad
513 2470 677 2532 ecclesiam
695 2471 764 2552 jam
781 2470 981 2532 constitutam
997 2469 1096 2548 depu-

160 2567 268 2625 tantur
289 2567 442 2644 tanquam
463 2563 731 2626 administratores
752 2563 925 2642 apostolici.
952 2562 990 2621 Hi
1012 2562 1096 2621 enim

158 2656 263 2734 potius
287 2657 411 2718 vicariis
433 2656 657 2735 capitularibus
676 2674 772 2736 quam
793 2654 949 2733 episcopis
969 2671 1097 2730 compa-

161 2752 282 2826 rantur,
305 2749 429 2809 vicariis
440 2767 552 2827 nempe
566 2748 626 2808 illis
646 2767 665 2809 a
680 2747 815 2826 capitulo
827 2746 944 2824 electis,
962 2745 1014 2826 qui
1027 2749 1097 2807 tan-

163 2860 259 2920 quam
272 2841 409 2920 episcopi
433 2841 568 2902 interimi
585 2846 616 2903 et
639 2840 773 2919 precarii
792 2843 959 2900 vacantem
983 2843 1097 2919 regunt

36 2979 43 2985 .
162 2934 337 2995 ecclesiam.

202 3029 233 3086 3⁰
253 3027 339 3088 Licet
356 3026 407 3088 hic
423 3026 649 3107 jurisdictionis
671 3026 789 3105 gradus
814 3025 1003 3088 assimiletur
1022 3043 1097 3086 auo-

162 3119 278 3180 toritati
306 3139 361 3180 seu
379 3119 589 3200 jurisdictioni
615 3119 805 3198 episcopali,
831 3137 905 3179 vere
932 3122 1037 3179 tamen
1067 3119 1098 3177 et

162 3212 288 3290 proprie
311 3231 373 3273 non
394 3212 508 3273 dicitur
532 3212 701 3273 auctoritas
716 3212 912 3290 episcopalis,
941 3207 1097 3288 siquidem

163 3304 298 3365 vicarius
310 3305 499 3388 apostolicus
514 3309 577 3366 non
598 3309 645 3366 est
659 3323 734 3365 vere
756 3309 787 3366 et
805 3303 930 3383 proprie
944 3301 1027 3360 illius
1049 3298 1096 3360 sui

162 3396 331 3458 vicariatus
348 3399 534 3477 episeopus;
562 3417 617 3459 nec
643 3397 715 3458 ideo
745 3397 880 3476 acquirit
899 3393 1024 3454 titulum
1049 3391 1096 3452 sui

163 3489 362 3568 episcopatus
377 3492 417 3551 ab
432 3491 564 3552 eeclesia
576 3492 623 3552 sui
638 3491 808 3552 vicariatus
821 3509 828 3562 ;
845 3504 904 3547 neo
919 3485 1015 3545 babet
1030 3484 1098 3546 offi-

165 3582 249 3644 cium
263 3587 461 3666 perpetuum,
482 3584 539 3645 sed
555 3603 641 3646 mere
665 3581 864 3662 precarium
881 3595 939 3638 nec
954 3577 1030 3640 dicit
1044 3577 1096 3660 jus
