2518 4144
302 314 410 364 tonica
431 314 584 364 sirenus
605 314 688 366 runs
715 313 869 364 arronei.
1012 295 1051 362 2³

162 462 228 524 XV.
253 462 316 520 Nee
333 463 439 522 tamen
458 459 573 521 desunt
590 463 622 522 et
635 475 777 541 personat
794 457 966 540 singulares
981 475 1052 540 quae

121 553 184 616 dioi
203 553 324 632 possint
338 552 419 634 juris
439 553 637 633 pedicularis
657 551 856 633 principium.
873 553 950 614 Cum
968 551 1052 614 enim

120 650 260 728 potestas
288 646 623 724 metropolitanorum,
654 645 824 725 primatum
847 644 896 704 rel
921 644 1054 725 patriar-

121 739 255 801 charum
270 757 333 799 non
346 738 505 800 sufficeret
519 738 559 799 ad
575 738 780 800 continendos
796 737 829 798 in
851 737 953 798 officio
973 737 1054 818 epis-

121 851 235 911 copos,
257 831 387 892 consilia
410 834 516 892 autem
542 831 745 910 particularia
768 848 843 892 rara
866 829 1052 906 evaderent,

121 925 290 986 Pontifices
307 922 433 985 Maximi
454 923 622 986 mittebant
643 943 701 1003 per
722 923 847 1003 singula
864 940 965 1003 regna
981 940 1056 984 suos

121 1019 234 1098 legatos
247 1016 433 1098 apostolicos,
451 1016 503 1098 qui
515 1015 568 1096 jus
583 1015 737 1078 haberent
751 1017 837 1096 leges
853 1015 967 1076 edendi
982 1033 1056 1094 pro·

121 1109 244 1172 vincias
271 1110 321 1172 vel
350 1109 473 1189 integra
502 1128 601 1189 regna
626 1110 817 1190 obligantes,
844 1108 940 1172 etiam
967 1108 1056 1170 linita

121 1203 293 1283 legatione.

163 1298 240 1376 Haeo
251 1297 290 1357 de
306 1295 458 1375 principio
466 1295 546 1376 juris
559 1296 644 1358 diets
655 1295 821 1374 sufficiant,
841 1296 927 1376 quod
943 1311 1056 1374 nempe

122 1389 243 1468 duplex
256 1393 321 1466 est,
337 1392 495 1450 remotum
509 1388 627 1451 seilicet
640 1387 871 1470 etproximum.
890 1391 1056 1452 Remulum

123 1486 209 1544 Deus
223 1485 285 1556 est3
300 1481 478 1562 proximum
491 1482 541 1544 vel
556 1484 715 1544 Romanus
727 1481 881 1560 Pontifex,
897 1482 947 1544 vel
962 1479 1058 1544 colle-

123 1576 215 1655 gium
232 1575 467 1656 episcoporum,
481 1575 532 1636 vel
544 1574 710 1655 episeopus
721 1574 754 1636 in
768 1573 883 1654 speeie.

306 1816 490 1875 mendum
507 1815 557 1872 An
576 1817 696 1876 CAPUT
718 1817 879 1875 Pernen.

368 1997 403 2037 DE
419 1995 507 2038 Fssffl
526 1997 659 2040 mutunus
676 1997 816 2040 mimil-

168 2143 234 2204 nni
246 2142 279 2204 in
290 2160 428 2222 presens
446 2162 510 2206 non
523 2148 637 2225 agatur
653 2143 769 2206 directe
785 2144 824 2204 de
838 2142 933 2204 modo
949 2159 1011 2222 quo
1028 2140 1060 2202 hi

127 2235 245 2298 diversi
255 2235 371 2316 gradus
386 2241 579 2300 concurrunt
590 2237 632 2300 ad
645 2236 793 2298 Ecclesiae
807 2235 1062 2300 constitutionem

96 2329 100 2338 '
128 2329 419 2408 determinandam,
448 2330 505 2391 sed
536 2331 701 2394 dumtaxat
726 2329 767 2390 de
786 2331 939 2409 potestate
965 2327 1062 2390 eoele-

127 2422 266 2499 siastioa,
284 2427 437 2502 quatenus
457 2426 505 2484 est
518 2424 589 2486 sons
603 2441 640 2485 ao
654 2439 751 2484 eausa
765 2421 903 2484 efficiens
913 2421 994 2503 juris
1010 2440 1063 2482 oa-

129 2514 247 2592 nuniei,
264 2519 454 2577 tamencum
473 2535 512 2578 aa
526 2534 596 2596 quae
612 2516 763 2577 hactenns
779 2515 818 2576 de
833 2515 894 2576 lrao
908 2517 1062 2594 potestate

129 2607 365 2686 edisseruimus,
379 2609 520 2689 regimen
535 2608 681 2670 lioolosiae
695 2627 758 2670 non
771 2608 903 2670 obsonre
917 2606 1063 2668 menifes-

129 2701 211 2777 tant,
226 2718 357 2780 pergere
376 2720 461 2763 nuno
475 2702 507 2763 in
523 2721 591 2764 rem
605 2705 663 2780 est,
678 2719 736 2782 per
749 2700 879 2764 modum
894 2698 1061 2778 corollarii,

129 2793 174 2856 ed
188 2793 267 2856 illud
278 2795 541 2873 patefaciendum.

332 2943 351 2980 Ι.
363 2945 395 2980 Bo
405 2943 478 2980 ierne
490 2945 608 2990 regini-in
621 2944 747 2992 monti·
758 2948 869 2990 inmte.

173 3061 255 3122 XVI.
279 3061 339 3122 Per
368 3061 502 3123 formum
527 3061 687 3141 regiminis
715 3060 899 3142 intelligitur
923 3057 1066 3120 remansio

125 3153 262 3216 omnium
276 3153 481 3215 eleroeatorum
496 3155 642 3216 societatis
658 3154 688 3215 in
704 3153 793 3236 finem
812 3172 988 3216 communem
1001 3171 1067 3213 oer-

124 3247 281 3330 9entium,
298 3265 354 3308 seu
368 3247 481 3309 modus
503 3247 676 3309 seeundum
691 3266 786 3328 quem
804 3247 979 3310 intelleotus
994 3263 1066 3305 oon-

126 3340 277 3417 eordant,
305 3341 482 3402 voluntates
504 3340 655 3402 uniuntur
671 3345 703 3402 et
720 3341 825 3401 media
844 3338 1068 3402 coordinantur

127 3431 250 3496 intuitu
268 3433 342 3494 boni
364 3433 539 3494 eommunis
562 3433 760 3514 assequendi.
784 3432 975 3511 Principium
994 3426 1067 3488 aeti-

129 3544 212 3593 vum
227 3527 312 3608 quod
330 3525 420 3588 varia
434 3527 589 3590 elementa
610 3526 739 3588 socialia
755 3525 956 3606 coagmentat
969 3537 1069 3604 eaque
