<?xml version="1.0" encoding="UTF-8"?>
<!DOCTYPE html PUBLIC "-//W3C//DTD XHTML 1.0 Transitional//EN"
    "http://www.w3.org/TR/xhtml1/DTD/xhtml1-transitional.dtd">
<html xmlns="http://www.w3.org/1999/xhtml" xml:lang="en" lang="en">
 <head>
  <title>
</title>
<meta http-equiv="Content-Type" content="text/html;charset=utf-8" />
  <meta name='ocr-system' content='tesseract 3.04.00' />
  <meta name='ocr-capabilities' content='ocr_page ocr_carea ocr_par ocr_line ocrx_word'/>
</head>
<body>
  <div class='ocr_page' id='page_1' title='image "./institutionesju03marigoog_0044.png"; bbox 0 0 2518 4144; ppageno 0'>
   <div class='ocr_carea' id='block_1_1' title="bbox 169 351 888 414">
    <p class='ocr_par' dir='ltr' id='par_1_1' title="bbox 169 351 888 414">
     <span class='ocr_line' id='line_1_1' title="bbox 169 351 888 414; baseline -0.007 0"><span class='ocrx_word' id='word_1_1' title='bbox 169 351 208 414; x_wconf 73' lang='lat' dir='ltr'>st</span> <span class='ocrx_word' id='word_1_2' title='bbox 377 361 609 411; x_wconf 80' lang='lat' dir='ltr'>msururmnss</span> <span class='ocrx_word' id='word_1_3' title='bbox 628 359 712 410; x_wconf 75' lang='lat' dir='ltr'>rnnrs</span> <span class='ocrx_word' id='word_1_4' title='bbox 735 357 888 411; x_wconf 77' lang='lat' dir='ltr'>oenomai.</span> 
     </span>
    </p>
   </div>
   <div class='ocr_carea' id='block_1_2' title="bbox 139 504 1144 3642">
    <p class='ocr_par' dir='ltr' id='par_1_2' title="bbox 172 504 1109 1049">
     <span class='ocr_line' id='line_1_2' title="bbox 172 504 1109 588; baseline -0.004 -18"><span class='ocrx_word' id='word_1_5' title='bbox 172 506 229 570; x_wconf 87' lang='lat' dir='ltr'>nos</span> <span class='ocrx_word' id='word_1_6' title='bbox 242 507 346 569; x_wconf 82' lang='lat' dir='ltr'><strong>reddit</strong></span> <span class='ocrx_word' id='word_1_7' title='bbox 362 508 446 588; x_wconf 87' lang='lat' dir='ltr'>quod</span> <span class='ocrx_word' id='word_1_8' title='bbox 467 507 595 587; x_wconf 80' lang='lat' dir='ltr'><strong>aliquod</strong></span> <span class='ocrx_word' id='word_1_9' title='bbox 611 507 727 586; x_wconf 73' lang='lat' dir='ltr'>dogma</span> <span class='ocrx_word' id='word_1_10' title='bbox 745 505 777 565; x_wconf 91' lang='lat' dir='ltr'>in</span> <span class='ocrx_word' id='word_1_11' title='bbox 793 505 983 567; x_wconf 77' lang='lat' dir='ltr'>revelatione</span> <span class='ocrx_word' id='word_1_12' title='bbox 1002 504 1109 568; x_wconf 90' lang='lat' dir='ltr'>conti-</span> 
     </span>
     <span class='ocr_line' id='line_1_3' title="bbox 172 597 1105 681; baseline -0.002 -19"><span class='ocrx_word' id='word_1_13' title='bbox 172 604 275 677; x_wconf 89' lang='lat' dir='ltr'>netur,</span> <span class='ocrx_word' id='word_1_14' title='bbox 287 617 399 680; x_wconf 89' lang='lat' dir='ltr'>nempe</span> <span class='ocrx_word' id='word_1_15' title='bbox 413 601 497 681; x_wconf 87' lang='lat' dir='ltr'>quod</span> <span class='ocrx_word' id='word_1_16' title='bbox 508 619 527 661; x_wconf 90' lang='lat' dir='ltr'>a</span> <span class='ocrx_word' id='word_1_17' title='bbox 537 603 601 661; x_wconf 90' lang='lat' dir='ltr'>Deo</span> <span class='ocrx_word' id='word_1_18' title='bbox 612 599 681 680; x_wconf 90' lang='lat' dir='ltr'>ipsa</span> <span class='ocrx_word' id='word_1_19' title='bbox 693 599 744 659; x_wconf 86' lang='lat' dir='ltr'>lex</span> <span class='ocrx_word' id='word_1_20' title='bbox 753 599 807 658; x_wconf 91' lang='lat' dir='ltr'>illa</span> <span class='ocrx_word' id='word_1_21' title='bbox 818 597 979 677; x_wconf 88' lang='lat' dir='ltr'>processit.</span> <span class='ocrx_word' id='word_1_22' title='bbox 990 601 1105 676; x_wconf 88' lang='lat' dir='ltr'>Porro,</span> 
     </span>
     <span class='ocr_line' id='line_1_4' title="bbox 174 689 1108 775; baseline -0.003 -21"><span class='ocrx_word' id='word_1_23' title='bbox 174 692 299 775; x_wconf 89' lang='lat' dir='ltr'>quando</span> <span class='ocrx_word' id='word_1_24' title='bbox 319 693 378 754; x_wconf 91' lang='lat' dir='ltr'>hoc</span> <span class='ocrx_word' id='word_1_25' title='bbox 399 693 535 768; x_wconf 87' lang='lat' dir='ltr'>constat,</span> <span class='ocrx_word' id='word_1_26' title='bbox 553 709 616 752; x_wconf 90' lang='lat' dir='ltr'>non</span> <span class='ocrx_word' id='word_1_27' title='bbox 633 693 755 752; x_wconf 89' lang='lat' dir='ltr'>tantum</span> <span class='ocrx_word' id='word_1_28' title='bbox 772 689 943 767; x_wconf 88' lang='lat' dir='ltr'>christiani,</span> <span class='ocrx_word' id='word_1_29' title='bbox 967 691 1023 751; x_wconf 89' lang='lat' dir='ltr'>sed</span> <span class='ocrx_word' id='word_1_30' title='bbox 1038 709 1108 752; x_wconf 90' lang='lat' dir='ltr'>om-</span> 
     </span>
     <span class='ocr_line' id='line_1_5' title="bbox 173 782 1108 866; baseline -0.004 -18"><span class='ocrx_word' id='word_1_31' title='bbox 173 805 229 848; x_wconf 88' lang='lat' dir='ltr'>ues</span> <span class='ocrx_word' id='word_1_32' title='bbox 241 788 395 866; x_wconf 75' lang='lat' dir='ltr'>quotquot</span> <span class='ocrx_word' id='word_1_33' title='bbox 409 783 540 864; x_wconf 90' lang='lat' dir='ltr'>subjecti</span> <span class='ocrx_word' id='word_1_34' title='bbox 555 786 629 844; x_wconf 88' lang='lat' dir='ltr'>sunt</span> <span class='ocrx_word' id='word_1_35' title='bbox 648 785 712 844; x_wconf 88' lang='lat' dir='ltr'>Deo</span> <span class='ocrx_word' id='word_1_36' title='bbox 724 782 886 859; x_wconf 77' lang='lat' dir='ltr'>revelanti,</span> <span class='ocrx_word' id='word_1_37' title='bbox 904 801 1013 844; x_wconf 88' lang='lat' dir='ltr'>omues</span> <span class='ocrx_word' id='word_1_38' title='bbox 1025 802 1108 863; x_wconf 89' lang='lat' dir='ltr'>quos</span> 
     </span>
     <span class='ocr_line' id='line_1_6' title="bbox 175 875 1107 960; baseline -0.006 -18"><span class='ocrx_word' id='word_1_39' title='bbox 175 879 293 960; x_wconf 85' lang='lat' dir='ltr'>obligat</span> <span class='ocrx_word' id='word_1_40' title='bbox 302 877 354 958; x_wconf 86' lang='lat' dir='ltr'>jus</span> <span class='ocrx_word' id='word_1_41' title='bbox 375 877 516 938; x_wconf 86' lang='lat' dir='ltr'>divinum</span> <span class='ocrx_word' id='word_1_42' title='bbox 534 875 720 956; x_wconf 89' lang='lat' dir='ltr'>positivum,</span> <span class='ocrx_word' id='word_1_43' title='bbox 742 893 850 936; x_wconf 87' lang='lat' dir='ltr'>omnes</span> <span class='ocrx_word' id='word_1_44' title='bbox 870 875 954 936; x_wconf 88' lang='lat' dir='ltr'>euim</span> <span class='ocrx_word' id='word_1_45' title='bbox 968 875 1008 936; x_wconf 89' lang='lat' dir='ltr'>ad</span> <span class='ocrx_word' id='word_1_46' title='bbox 1030 877 1107 937; x_wconf 84' lang='lat' dir='ltr'>fidei</span> 
     </span>
     <span class='ocr_line' id='line_1_7' title="bbox 174 969 536 1049; baseline -0.006 -15"><span class='ocrx_word' id='word_1_47' title='bbox 174 989 337 1034; x_wconf 83' lang='lat' dir='ltr'>assensum</span> <span class='ocrx_word' id='word_1_48' title='bbox 349 969 536 1049; x_wconf 79' lang='lat' dir='ltr'>obligantur.</span> 
     </span>
    </p>

    <p class='ocr_par' dir='ltr' id='par_1_3' title="bbox 139 1059 1111 1312">
     <span class='ocr_line' id='line_1_8' title="bbox 215 1059 1111 1142; baseline -0.004 -16"><span class='ocrx_word' id='word_1_49' title='bbox 215 1065 305 1126; x_wconf 90' lang='lat' dir='ltr'>Unde</span> <span class='ocrx_word' id='word_1_50' title='bbox 328 1066 442 1125; x_wconf 90' lang='lat' dir='ltr'>natura</span> <span class='ocrx_word' id='word_1_51' title='bbox 457 1061 623 1142; x_wconf 82' lang='lat' dir='ltr'>singularis</span> <span class='ocrx_word' id='word_1_52' title='bbox 641 1061 747 1140; x_wconf 83' lang='lat' dir='ltr'>legum</span> <span class='ocrx_word' id='word_1_53' title='bbox 767 1059 1017 1140; x_wconf 81' lang='lat' dir='ltr'>dogmaticarnm</span> <span class='ocrx_word' id='word_1_54' title='bbox 1031 1061 1111 1122; x_wconf 87' lang='lat' dir='ltr'>facit</span> 
     </span>
     <span class='ocr_line' id='line_1_9' title="bbox 139 1151 1108 1233; baseline -0.004 -15"><span class='ocrx_word' id='word_1_55' title='bbox 139 1153 140 1157; x_wconf 66' lang='grc'>’</span> <span class='ocrx_word' id='word_1_56' title='bbox 176 1156 279 1218; x_wconf 82' lang='lat' dir='ltr'>utiuae</span> <span class='ocrx_word' id='word_1_57' title='bbox 290 1155 384 1217; x_wconf 89' lang='lat' dir='ltr'>etiam</span> <span class='ocrx_word' id='word_1_58' title='bbox 395 1158 538 1217; x_wconf 81' lang='lat' dir='ltr'>externos</span> <span class='ocrx_word' id='word_1_59' title='bbox 548 1153 688 1216; x_wconf 80' lang='lat' dir='ltr'>societati</span> <span class='ocrx_word' id='word_1_60' title='bbox 696 1171 753 1232; x_wconf 92' lang='lat' dir='ltr'>pro</span> <span class='ocrx_word' id='word_1_61' title='bbox 762 1153 904 1233; x_wconf 82' lang='lat' dir='ltr'>qualatae</span> <span class='ocrx_word' id='word_1_62' title='bbox 916 1157 998 1230; x_wconf 86' lang='lat' dir='ltr'>sunt,</span> <span class='ocrx_word' id='word_1_63' title='bbox 1010 1151 1108 1214; x_wconf 89' lang='lat' dir='ltr'>ferire</span> 
     </span>
     <span class='ocr_line' id='line_1_10' title="bbox 176 1249 672 1312; baseline -0.004 -2"><span class='ocrx_word' id='word_1_64' title='bbox 176 1249 352 1312; x_wconf 88' lang='lat' dir='ltr'>necessario</span> <span class='ocrx_word' id='word_1_65' title='bbox 368 1249 513 1310; x_wconf 88' lang='lat' dir='ltr'>debeant.</span> <span class='ocrx_word' id='word_1_66' title='bbox 530 1249 562 1310; x_wconf 89' lang='lat' dir='ltr'>Si</span> <span class='ocrx_word' id='word_1_67' title='bbox 572 1265 647 1309; x_wconf 86' lang='lat' dir='ltr'>vero</span> <span class='ocrx_word' id='word_1_68' title='bbox 666 1267 672 1308; x_wconf 93' lang='lat'><strong>:</strong></span> 
     </span>
    </p>

    <p class='ocr_par' dir='ltr' id='par_1_4' title="bbox 176 1338 1144 1886">
     <span class='ocr_line' id='line_1_11' title="bbox 215 1338 1110 1420; baseline -0.003 -16"><span class='ocrx_word' id='word_1_69' title='bbox 215 1347 247 1404; x_wconf 77' lang='lat'>2⁰</span> <span class='ocrx_word' id='word_1_70' title='bbox 269 1343 378 1404; x_wconf 88' lang='lat' dir='ltr'>Sermo</span> <span class='ocrx_word' id='word_1_71' title='bbox 394 1341 434 1402; x_wconf 88' lang='lat' dir='ltr'>sit</span> <span class='ocrx_word' id='word_1_72' title='bbox 445 1342 484 1402; x_wconf 89' lang='lat' dir='ltr'>de</span> <span class='ocrx_word' id='word_1_73' title='bbox 494 1341 616 1420; x_wconf 83' lang='lat' dir='ltr'>legibus</span> <span class='ocrx_word' id='word_1_74' title='bbox 632 1338 893 1419; x_wconf 79' lang='lat' dir='ltr'>disciplinaribus,</span> <span class='ocrx_word' id='word_1_75' title='bbox 909 1338 1110 1401; x_wconf 85' lang='lat' dir='ltr'>animadver-</span> 
     </span>
     <span class='ocr_line' id='line_1_12' title="bbox 176 1431 1112 1514; baseline -0.006 -16"><span class='ocrx_word' id='word_1_76' title='bbox 176 1436 307 1498; x_wconf 90' lang='lat' dir='ltr'>tendum</span> <span class='ocrx_word' id='word_1_77' title='bbox 317 1438 364 1496; x_wconf 91' lang='lat' dir='ltr'>est</span> <span class='ocrx_word' id='word_1_78' title='bbox 378 1433 547 1514; x_wconf 88' lang='lat' dir='ltr'>quodlicet</span> <span class='ocrx_word' id='word_1_79' title='bbox 560 1451 633 1494; x_wconf 89' lang='lat' dir='ltr'>vere</span> <span class='ocrx_word' id='word_1_80' title='bbox 646 1435 677 1494; x_wconf 91' lang='lat' dir='ltr'>at</span> <span class='ocrx_word' id='word_1_81' title='bbox 690 1431 816 1511; x_wconf 85' lang='lat' dir='ltr'>proprie</span> <span class='ocrx_word' id='word_1_82' title='bbox 831 1431 963 1493; x_wconf 84' lang='lat' dir='ltr'>societas</span> <span class='ocrx_word' id='word_1_83' title='bbox 971 1431 1112 1512; x_wconf 80' lang='lat' dir='ltr'>perfecta</span> 
     </span>
     <span class='ocr_line' id='line_1_13' title="bbox 178 1523 1111 1604; baseline -0.004 -14"><span class='ocrx_word' id='word_1_84' title='bbox 178 1523 1111 1604; x_wconf 78' lang='lat' dir='ltr'>inordineeoclesiasticodicinonpossitnisiEcclesiacatho-</span> 
     </span>
     <span class='ocr_line' id='line_1_14' title="bbox 177 1608 1144 1698; baseline -0.004 -16"><span class='ocrx_word' id='word_1_85' title='bbox 177 1621 249 1698; x_wconf 90' lang='lat' dir='ltr'>lica,</span> <span class='ocrx_word' id='word_1_86' title='bbox 260 1639 315 1682; x_wconf 90' lang='lat' dir='ltr'>seu</span> <span class='ocrx_word' id='word_1_87' title='bbox 330 1619 423 1681; x_wconf 90' lang='lat' dir='ltr'>unioa</span> <span class='ocrx_word' id='word_1_88' title='bbox 436 1619 576 1680; x_wconf 85' lang='lat' dir='ltr'>fidelium</span> <span class='ocrx_word' id='word_1_89' title='bbox 591 1617 835 1680; x_wconf 89' lang='lat' dir='ltr'>christianorum</span> <span class='ocrx_word' id='word_1_90' title='bbox 851 1616 999 1693; x_wconf 83' lang='lat' dir='ltr'>societas,</span> <span class='ocrx_word' id='word_1_91' title='bbox 1020 1621 1053 1678; x_wconf 88' lang='lat' dir='ltr'>et</span> <span class='ocrx_word' id='word_1_92' title='bbox 1063 1617 1113 1678; x_wconf 90' lang='lat' dir='ltr'>sic</span> <span class='ocrx_word' id='word_1_93' title='bbox 1140 1608 1144 1614; x_wconf 69' lang='grc'><strong>’</strong></span> 
     </span>
     <span class='ocr_line' id='line_1_15' title="bbox 178 1709 1112 1788; baseline -0.006 -12"><span class='ocrx_word' id='word_1_94' title='bbox 178 1717 325 1776; x_wconf 90' lang='lat' dir='ltr'>tenentur</span> <span class='ocrx_word' id='word_1_95' title='bbox 334 1711 493 1772; x_wconf 87' lang='lat' dir='ltr'>christiani</span> <span class='ocrx_word' id='word_1_96' title='bbox 509 1729 628 1788; x_wconf 89' lang='lat' dir='ltr'>omnes,</span> <span class='ocrx_word' id='word_1_97' title='bbox 647 1729 710 1773; x_wconf 92' lang='lat' dir='ltr'>non</span> <span class='ocrx_word' id='word_1_98' title='bbox 720 1713 826 1772; x_wconf 88' lang='lat' dir='ltr'>tamen</span> <span class='ocrx_word' id='word_1_99' title='bbox 841 1727 950 1772; x_wconf 89' lang='lat' dir='ltr'>amnes</span> <span class='ocrx_word' id='word_1_100' title='bbox 962 1709 1112 1771; x_wconf 91' lang='lat' dir='ltr'>omnibus</span> 
     </span>
     <span class='ocr_line' id='line_1_16' title="bbox 178 1805 311 1886; baseline -0.015 -18"><span class='ocrx_word' id='word_1_101' title='bbox 178 1805 311 1886; x_wconf 81' lang='lat' dir='ltr'>legibue.</span> 
     </span>
    </p>

    <p class='ocr_par' dir='ltr' id='par_1_5' title="bbox 175 1896 1116 2239">
     <span class='ocr_line' id='line_1_17' title="bbox 219 1896 1115 1975; baseline -0.001 -16"><span class='ocrx_word' id='word_1_102' title='bbox 219 1897 270 1959; x_wconf 89' lang='lat' dir='ltr'>lll.</span> <span class='ocrx_word' id='word_1_103' title='bbox 295 1899 368 1956; x_wconf 89' lang='lat' dir='ltr'>Haec</span> <span class='ocrx_word' id='word_1_104' title='bbox 394 1901 500 1958; x_wconf 87' lang='lat' dir='ltr'>tamen</span> <span class='ocrx_word' id='word_1_105' title='bbox 524 1897 656 1957; x_wconf 88' lang='lat' dir='ltr'>societas</span> <span class='ocrx_word' id='word_1_106' title='bbox 685 1896 824 1975; x_wconf 87' lang='lat' dir='ltr'>perfecta</span> <span class='ocrx_word' id='word_1_107' title='bbox 850 1896 1034 1957; x_wconf 89' lang='lat' dir='ltr'>universalis</span> <span class='ocrx_word' id='word_1_108' title='bbox 1063 1900 1115 1958; x_wconf 89' lang='lat' dir='ltr'>tot</span> 
     </span>
     <span class='ocr_line' id='line_1_18' title="bbox 179 1989 1114 2068; baseline -0.002 -16"><span class='ocrx_word' id='word_1_109' title='bbox 179 1990 304 2052; x_wconf 88' lang='lat' dir='ltr'>videtur</span> <span class='ocrx_word' id='word_1_110' title='bbox 318 1992 460 2050; x_wconf 83' lang='lat' dir='ltr'>constare</span> <span class='ocrx_word' id='word_1_111' title='bbox 469 1989 651 2050; x_wconf 84' lang='lat' dir='ltr'>minusculis</span> <span class='ocrx_word' id='word_1_112' title='bbox 665 1989 865 2051; x_wconf 85' lang='lat' dir='ltr'>societatibus</span> <span class='ocrx_word' id='word_1_113' title='bbox 879 1989 911 2050; x_wconf 91' lang='lat' dir='ltr'>in</span> <span class='ocrx_word' id='word_1_114' title='bbox 926 1995 985 2050; x_wconf 87' lang='lat' dir='ltr'>suo&#39;</span> <span class='ocrx_word' id='word_1_115' title='bbox 994 2007 1114 2068; x_wconf 84' lang='lat' dir='ltr'>genere</span> 
     </span>
     <span class='ocr_line' id='line_1_19' title="bbox 175 2082 1116 2164; baseline 0 -20"><span class='ocrx_word' id='word_1_116' title='bbox 175 2082 335 2164; x_wconf 74' lang='lat' dir='ltr'>perfectis,</span> <span class='ocrx_word' id='word_1_117' title='bbox 359 2085 435 2163; x_wconf 86' lang='lat' dir='ltr'>quot</span> <span class='ocrx_word' id='word_1_118' title='bbox 458 2085 530 2144; x_wconf 89' lang='lat' dir='ltr'>sunt</span> <span class='ocrx_word' id='word_1_119' title='bbox 550 2082 706 2159; x_wconf 87' lang='lat' dir='ltr'>nationes,</span> <span class='ocrx_word' id='word_1_120' title='bbox 737 2085 813 2162; x_wconf 87' lang='lat' dir='ltr'>quot</span> <span class='ocrx_word' id='word_1_121' title='bbox 833 2082 1017 2161; x_wconf 75' lang='lat' dir='ltr'>provincia,</span> <span class='ocrx_word' id='word_1_122' title='bbox 1035 2087 1116 2163; x_wconf 89' lang='lat' dir='ltr'>quot</span> 
     </span>
     <span class='ocr_line' id='line_1_20' title="bbox 180 2175 575 2239; baseline 0 -1"><span class='ocrx_word' id='word_1_123' title='bbox 180 2177 331 2239; x_wconf 86' lang='lat' dir='ltr'>dioeceses</span> <span class='ocrx_word' id='word_1_124' title='bbox 347 2175 575 2239; x_wconf 84' lang='lat' dir='ltr'>ecclesiasticae.</span> 
     </span>
    </p>

    <p class='ocr_par' dir='ltr' id='par_1_6' title="bbox 179 2267 1121 3089">
     <span class='ocr_line' id='line_1_21' title="bbox 219 2267 1116 2351; baseline -0.002 -21"><span class='ocrx_word' id='word_1_125' title='bbox 219 2270 404 2351; x_wconf 88' lang='lat' dir='ltr'>Hujusmodi</span> <span class='ocrx_word' id='word_1_126' title='bbox 422 2269 506 2330; x_wconf 90' lang='lat' dir='ltr'>euim</span> <span class='ocrx_word' id='word_1_127' title='bbox 530 2268 735 2348; x_wconf 78' lang='lat' dir='ltr'>particulares</span> <span class='ocrx_word' id='word_1_128' title='bbox 754 2269 994 2348; x_wconf 83' lang='lat' dir='ltr'>aggregationes</span> <span class='ocrx_word' id='word_1_129' title='bbox 1016 2267 1116 2328; x_wconf 88' lang='lat' dir='ltr'>chris-</span> 
     </span>
     <span class='ocr_line' id='line_1_22' title="bbox 180 2361 1117 2423; baseline -0.002 -1"><span class='ocrx_word' id='word_1_130' title='bbox 180 2362 338 2422; x_wconf 91' lang='lat' dir='ltr'>tianorum</span> <span class='ocrx_word' id='word_1_131' title='bbox 357 2361 561 2423; x_wconf 84' lang='lat' dir='ltr'>consideratae</span> <span class='ocrx_word' id='word_1_132' title='bbox 576 2361 608 2421; x_wconf 91' lang='lat' dir='ltr'>in</span> <span class='ocrx_word' id='word_1_133' title='bbox 623 2361 733 2422; x_wconf 87' lang='lat' dir='ltr'>ordine</span> <span class='ocrx_word' id='word_1_134' title='bbox 749 2362 789 2422; x_wconf 91' lang='lat' dir='ltr'>ad</span> <span class='ocrx_word' id='word_1_135' title='bbox 803 2361 974 2422; x_wconf 79' lang='lat' dir='ltr'>Ecclesiam</span> <span class='ocrx_word' id='word_1_136' title='bbox 989 2361 1117 2421; x_wconf 90' lang='lat' dir='ltr'>univer-</span> 
     </span>
     <span class='ocr_line' id='line_1_23' title="bbox 181 2453 1117 2533; baseline 0.002 -21"><span class='ocrx_word' id='word_1_137' title='bbox 181 2469 259 2530; x_wconf 89' lang='lat' dir='ltr'>sam,</span> <span class='ocrx_word' id='word_1_138' title='bbox 276 2470 339 2512; x_wconf 87' lang='lat' dir='ltr'>non</span> <span class='ocrx_word' id='word_1_139' title='bbox 354 2457 426 2515; x_wconf 91' lang='lat' dir='ltr'>sunt</span> <span class='ocrx_word' id='word_1_140' title='bbox 438 2453 602 2514; x_wconf 90' lang='lat' dir='ltr'>societates</span> <span class='ocrx_word' id='word_1_141' title='bbox 615 2453 773 2532; x_wconf 81' lang='lat' dir='ltr'>perfectae,</span> <span class='ocrx_word' id='word_1_142' title='bbox 790 2453 846 2514; x_wconf 91' lang='lat' dir='ltr'>sed</span> <span class='ocrx_word' id='word_1_143' title='bbox 861 2457 966 2533; x_wconf 91' lang='lat' dir='ltr'>partes</span> <span class='ocrx_word' id='word_1_144' title='bbox 981 2453 1117 2532; x_wconf 86' lang='lat' dir='ltr'>amplio-</span> 
     </span>
     <span class='ocr_line' id='line_1_24' title="bbox 181 2545 1117 2620; baseline 0 -14"><span class='ocrx_word' id='word_1_145' title='bbox 181 2545 223 2606; x_wconf 89' lang='lat' dir='ltr'>ris</span> <span class='ocrx_word' id='word_1_146' title='bbox 234 2545 405 2620; x_wconf 82' lang='lat' dir='ltr'>sooietatis3</span> <span class='ocrx_word' id='word_1_147' title='bbox 422 2563 534 2607; x_wconf 88' lang='lat' dir='ltr'>verum</span> <span class='ocrx_word' id='word_1_148' title='bbox 542 2545 567 2607; x_wconf 91' lang='lat' dir='ltr'>si</span> <span class='ocrx_word' id='word_1_149' title='bbox 576 2547 814 2608; x_wconf 87' lang='lat' dir='ltr'>considerentur</span> <span class='ocrx_word' id='word_1_150' title='bbox 828 2546 910 2608; x_wconf 90' lang='lat' dir='ltr'>inter</span> <span class='ocrx_word' id='word_1_151' title='bbox 920 2565 953 2607; x_wconf 90' lang='lat' dir='ltr'>se</span> <span class='ocrx_word' id='word_1_152' title='bbox 969 2545 1117 2606; x_wconf 89' lang='lat' dir='ltr'>dioecesis</span> 
     </span>
     <span class='ocr_line' id='line_1_25' title="bbox 182 2638 1118 2719; baseline -0.001 -20"><span class='ocrx_word' id='word_1_153' title='bbox 182 2657 254 2700; x_wconf 89' lang='lat' dir='ltr'>cum</span> <span class='ocrx_word' id='word_1_154' title='bbox 279 2638 426 2716; x_wconf 90' lang='lat' dir='ltr'>dioecesi,</span> <span class='ocrx_word' id='word_1_155' title='bbox 455 2658 519 2700; x_wconf 88' lang='lat' dir='ltr'>una</span> <span class='ocrx_word' id='word_1_156' title='bbox 547 2639 709 2718; x_wconf 90' lang='lat' dir='ltr'>provincia</span> <span class='ocrx_word' id='word_1_157' title='bbox 735 2659 807 2700; x_wconf 91' lang='lat' dir='ltr'>cum</span> <span class='ocrx_word' id='word_1_158' title='bbox 833 2640 949 2716; x_wconf 87' lang='lat' dir='ltr'>altera,</span> <span class='ocrx_word' id='word_1_159' title='bbox 976 2639 1118 2719; x_wconf 88' lang='lat' dir='ltr'>quodam</span> 
     </span>
     <span class='ocr_line' id='line_1_26' title="bbox 182 2731 1116 2812; baseline 0.001 -21"><span class='ocrx_word' id='word_1_160' title='bbox 182 2751 274 2792; x_wconf 86' lang='lat' dir='ltr'>sensu</span> <span class='ocrx_word' id='word_1_161' title='bbox 285 2732 357 2793; x_wconf 91' lang='lat' dir='ltr'>etin</span> <span class='ocrx_word' id='word_1_162' title='bbox 366 2751 422 2794; x_wconf 91' lang='lat' dir='ltr'>suo</span> <span class='ocrx_word' id='word_1_163' title='bbox 433 2750 548 2811; x_wconf 80' lang='lat' dir='ltr'>genere</span> <span class='ocrx_word' id='word_1_164' title='bbox 559 2732 706 2811; x_wconf 75' lang='lat' dir='ltr'>perlectae</span> <span class='ocrx_word' id='word_1_165' title='bbox 718 2733 779 2794; x_wconf 90' lang='lat' dir='ltr'>dici</span> <span class='ocrx_word' id='word_1_166' title='bbox 790 2736 921 2812; x_wconf 89' lang='lat' dir='ltr'>possunt</span> <span class='ocrx_word' id='word_1_167' title='bbox 931 2731 1116 2805; x_wconf 88' lang='lat' dir='ltr'>societates;</span> 
     </span>
     <span class='ocr_line' id='line_1_27' title="bbox 182 2823 1117 2904; baseline -0.001 -20"><span class='ocrx_word' id='word_1_168' title='bbox 182 2823 312 2902; x_wconf 74' lang='lat' dir='ltr'>singulae</span> <span class='ocrx_word' id='word_1_169' title='bbox 328 2824 411 2884; x_wconf 89' lang='lat' dir='ltr'>enim</span> <span class='ocrx_word' id='word_1_170' title='bbox 430 2824 548 2885; x_wconf 88' lang='lat' dir='ltr'>habent</span> <span class='ocrx_word' id='word_1_171' title='bbox 561 2843 654 2884; x_wconf 91' lang='lat' dir='ltr'>suum</span> <span class='ocrx_word' id='word_1_172' title='bbox 669 2825 837 2904; x_wconf 90' lang='lat' dir='ltr'>populum,</span> <span class='ocrx_word' id='word_1_173' title='bbox 862 2843 954 2886; x_wconf 92' lang='lat' dir='ltr'>sunm</span> <span class='ocrx_word' id='word_1_174' title='bbox 978 2824 1117 2900; x_wconf 90' lang='lat' dir='ltr'>clerum,</span> 
     </span>
     <span class='ocr_line' id='line_1_28' title="bbox 182 2916 1121 2997; baseline 0 -21"><span class='ocrx_word' id='word_1_175' title='bbox 182 2933 274 2977; x_wconf 89' lang='lat' dir='ltr'>suum</span> <span class='ocrx_word' id='word_1_176' title='bbox 288 2919 446 2994; x_wconf 84' lang='lat' dir='ltr'>pastorem</span> <span class='ocrx_word' id='word_1_177' title='bbox 464 2916 661 2991; x_wconf 69' lang='lat' dir='ltr'>distinctum</span> <span class='ocrx_word' id='word_1_178' title='bbox 679 2917 810 2996; x_wconf 78' lang='lat' dir='ltr'>singulae</span> <span class='ocrx_word' id='word_1_179' title='bbox 823 2917 950 2997; x_wconf 89' lang='lat' dir='ltr'>proprio</span> <span class='ocrx_word' id='word_1_180' title='bbox 963 2918 1121 2996; x_wconf 79' lang='lat' dir='ltr'>reguntur</span> 
     </span>
     <span class='ocr_line' id='line_1_29' title="bbox 179 3008 700 3089; baseline 0.004 -20"><span class='ocrx_word' id='word_1_181' title='bbox 179 3009 261 3089; x_wconf 86' lang='lat' dir='ltr'>jure,</span> <span class='ocrx_word' id='word_1_182' title='bbox 278 3008 527 3088; x_wconf 87' lang='lat' dir='ltr'>independenter</span> <span class='ocrx_word' id='word_1_183' title='bbox 541 3009 580 3069; x_wconf 89' lang='lat' dir='ltr'>ab</span> <span class='ocrx_word' id='word_1_184' title='bbox 593 3010 700 3071; x_wconf 89' lang='lat' dir='ltr'>altera.</span> 
     </span>
    </p>

    <p class='ocr_par' dir='ltr' id='par_1_7' title="bbox 183 3101 1122 3642">
     <span class='ocr_line' id='line_1_30' title="bbox 224 3101 1119 3181; baseline -0.002 -19"><span class='ocrx_word' id='word_1_185' title='bbox 224 3103 420 3181; x_wconf 86' lang='lat' dir='ltr'>Quapropter</span> <span class='ocrx_word' id='word_1_186' title='bbox 438 3101 470 3161; x_wconf 92' lang='lat' dir='ltr'>in</span> <span class='ocrx_word' id='word_1_187' title='bbox 486 3101 625 3162; x_wconf 76' lang='lat' dir='ltr'>Ecclesia</span> <span class='ocrx_word' id='word_1_188' title='bbox 639 3102 873 3181; x_wconf 83' lang='lat' dir='ltr'>distinguuntur</span> <span class='ocrx_word' id='word_1_189' title='bbox 887 3102 973 3181; x_wconf 84' lang='lat' dir='ltr'>leges</span> <span class='ocrx_word' id='word_1_190' title='bbox 992 3101 1119 3162; x_wconf 82' lang='lat' dir='ltr'>univer-</span> 
     </span>
     <span class='ocr_line' id='line_1_31' title="bbox 183 3193 1118 3272; baseline -0.003 -16"><span class='ocrx_word' id='word_1_191' title='bbox 183 3193 263 3256; x_wconf 87' lang='lat' dir='ltr'>sales</span> <span class='ocrx_word' id='word_1_192' title='bbox 280 3211 300 3254; x_wconf 93' lang='lat' dir='ltr'>a</span> <span class='ocrx_word' id='word_1_193' title='bbox 316 3194 557 3272; x_wconf 83' lang='lat' dir='ltr'>particularibus</span> <span class='ocrx_word' id='word_1_194' title='bbox 575 3194 607 3254; x_wconf 91' lang='lat' dir='ltr'>in</span> <span class='ocrx_word' id='word_1_195' title='bbox 627 3195 764 3272; x_wconf 88' lang='lat' dir='ltr'>natione,</span> <span class='ocrx_word' id='word_1_196' title='bbox 781 3193 954 3272; x_wconf 89' lang='lat' dir='ltr'>provincia,</span> <span class='ocrx_word' id='word_1_197' title='bbox 975 3193 1118 3270; x_wconf 89' lang='lat' dir='ltr'>dioecesi,</span> 
     </span>
     <span class='ocr_line' id='line_1_32' title="bbox 183 3285 1121 3366; baseline -0.002 -18"><span class='ocrx_word' id='word_1_198' title='bbox 183 3285 287 3366; x_wconf 88' lang='lat' dir='ltr'>prouti</span> <span class='ocrx_word' id='word_1_199' title='bbox 301 3286 394 3366; x_wconf 89' lang='lat' dir='ltr'>plura</span> <span class='ocrx_word' id='word_1_200' title='bbox 415 3286 651 3366; x_wconf 83' lang='lat' dir='ltr'>distinguuntur</span> <span class='ocrx_word' id='word_1_201' title='bbox 672 3287 827 3366; x_wconf 89' lang='lat' dir='ltr'>principia</span> <span class='ocrx_word' id='word_1_202' title='bbox 847 3287 931 3348; x_wconf 90' lang='lat' dir='ltr'>unde</span> <span class='ocrx_word' id='word_1_203' title='bbox 947 3286 1000 3366; x_wconf 87' lang='lat' dir='ltr'>jus</span> <span class='ocrx_word' id='word_1_204' title='bbox 1017 3285 1121 3348; x_wconf 89' lang='lat' dir='ltr'>eccle-</span> 
     </span>
     <span class='ocr_line' id='line_1_33' title="bbox 184 3377 1122 3459; baseline 0.002 -19"><span class='ocrx_word' id='word_1_205' title='bbox 184 3379 344 3442; x_wconf 88' lang='lat' dir='ltr'>siasticum</span> <span class='ocrx_word' id='word_1_206' title='bbox 364 3379 516 3459; x_wconf 85' lang='lat' dir='ltr'>procedit.</span> <span class='ocrx_word' id='word_1_207' title='bbox 537 3381 606 3452; x_wconf 84' lang='lat' dir='ltr'>Qua</span> <span class='ocrx_word' id='word_1_208' title='bbox 627 3381 666 3440; x_wconf 89' lang='lat' dir='ltr'>de</span> <span class='ocrx_word' id='word_1_209' title='bbox 689 3399 785 3441; x_wconf 89' lang='lat' dir='ltr'>causa</span> <span class='ocrx_word' id='word_1_210' title='bbox 799 3398 862 3442; x_wconf 89' lang='lat' dir='ltr'>non</span> <span class='ocrx_word' id='word_1_211' title='bbox 885 3397 1052 3458; x_wconf 89' lang='lat' dir='ltr'>possumus</span> <span class='ocrx_word' id='word_1_212' title='bbox 1073 3377 1122 3442; x_wconf 85' lang='lat' dir='ltr'>ita</span> 
     </span>
     <span class='ocr_line' id='line_1_34' title="bbox 185 3471 1121 3552; baseline 0 -20"><span class='ocrx_word' id='word_1_213' title='bbox 185 3472 342 3550; x_wconf 86' lang='lat' dir='ltr'>applicare</span> <span class='ocrx_word' id='word_1_214' title='bbox 360 3472 515 3534; x_wconf 88' lang='lat' dir='ltr'>theoriam</span> <span class='ocrx_word' id='word_1_215' title='bbox 530 3473 569 3532; x_wconf 89' lang='lat' dir='ltr'>de</span> <span class='ocrx_word' id='word_1_216' title='bbox 587 3473 729 3552; x_wconf 86' lang='lat' dir='ltr'>subjecto</span> <span class='ocrx_word' id='word_1_217' title='bbox 745 3473 823 3552; x_wconf 80' lang='lat' dir='ltr'>legis</span> <span class='ocrx_word' id='word_1_218' title='bbox 837 3472 870 3533; x_wconf 92' lang='lat' dir='ltr'>in</span> <span class='ocrx_word' id='word_1_219' title='bbox 882 3489 1010 3550; x_wconf 84' lang='lat' dir='ltr'>genere,</span> <span class='ocrx_word' id='word_1_220' title='bbox 1030 3471 1121 3532; x_wconf 84' lang='lat' dir='ltr'>casui</span> 
     </span>
     <span class='ocr_line' id='line_1_35' title="bbox 185 3564 1122 3642; baseline 0 -18"><span class='ocrx_word' id='word_1_221' title='bbox 185 3565 490 3642; x_wconf 86' lang='lat' dir='ltr'>nostrc,utdicamus</span> <span class='ocrx_word' id='word_1_222' title='bbox 498 3564 740 3627; x_wconf 87' lang='lat' dir='ltr'>christianorum</span> <span class='ocrx_word' id='word_1_223' title='bbox 748 3565 928 3627; x_wconf 88' lang='lat' dir='ltr'>societatem</span> <span class='ocrx_word' id='word_1_224' title='bbox 936 3564 1122 3642; x_wconf 80' lang='lat' dir='ltr'>generalem</span> 
     </span>
    </p>
   </div>
   <div class='ocr_carea' id='block_1_3' title="bbox 0 0 1284 4144">
    <p class='ocr_par' dir='ltr' id='par_1_8' title="bbox 0 0 1284 4144">
     <span class='ocr_line' id='line_1_36' title="bbox 0 0 1284 4144; baseline 0 0"><span class='ocrx_word' id='word_1_225' title='bbox 0 0 1284 4144; x_wconf 95' lang='lat' dir='ltr'> </span> 
     </span>
    </p>
   </div>
  </div>
 </body>
</html>
