2518 4144
348 340 457 388 noeros
478 341 631 388 srnersns
652 340 735 388 sonis
756 341 911 388 cunonrcr.
1055 331 1094 390 tt

201 487 390 567 Presumptu
402 504 478 548 vero
487 485 665 548 diciturseu
679 485 800 566 legalis,
809 487 934 568 quando
948 506 1025 550 vere
1039 505 1096 550 vo·

159 582 264 643 luntas
284 579 434 659 principis
450 598 514 641 non
528 579 629 656 edest,
650 598 709 640 nec
729 597 885 658 expresse,
901 599 959 643 nec
985 582 1092 660 tacite,

159 674 317 755 siquidem
331 673 477 752 princeps
498 673 631 734 fortasse
654 692 722 734 rem
746 673 887 754 ignoret3
903 693 958 736 seu
981 675 1096 738 adsunt
1211 677 1222 700 ⁸

159 769 297 829 rationes
312 771 344 828 et
365 767 483 829 motiva
509 787 547 828 ex
571 767 685 848 quibus
709 766 823 828 deduci
844 767 942 845 possit
963 769 1046 847 quod
1068 769 1093 830 si

158 862 306 942 princeps
320 860 353 920 id
372 860 476 937 sciret,
495 865 579 922 certe
599 862 806 940 approbaret:
824 860 861 938 si,
883 880 913 922 v.
929 880 974 940 g.‚
992 881 1095 923 moros

158 957 296 1033 vergunt
309 954 341 1014 in
352 953 517 1015 utilitatem
532 954 728 1033 reipublioee;
743 953 924 1032 reipublice
940 955 1025 1015 enim
1038 956 1094 1016 uti-

157 1048 231 1108 litas
245 1047 277 1106 in
291 1050 364 1108 voto
388 1046 537 1126 principis
553 1065 621 1108 esse
636 1048 741 1109 debet.
758 1047 848 1110 Unde
868 1065 906 1108 ex
932 1047 993 1108 hoc
1011 1049 1095 1128 quod

157 1139 232 1202 talis
254 1140 305 1200 vel
330 1139 401 1202 talis
427 1157 552 1201 morum
580 1141 720 1206 inductio
751 1141 792 1202 sd
821 1140 902 1202 hene
929 1141 1094 1202 utilitatem

159 1232 303 1294 conferre
317 1233 368 1293 vel
382 1233 425 1292 illi
447 1233 607 1294 adversari
626 1233 826 1313 perhibetur,
855 1233 1024 1295 conformis
1045 1235 1094 1296 vel
1142 1259 1155 1284 ο

157 1325 319 1386 contrarie
339 1325 489 1407 principis
503 1327 656 1388 voluntati
672 1327 848 1408 reputando
867 1331 938 1404 est,
960 1327 1094 1408 ideoque

157 1423 312 1498 tanquam
324 1419 427 1496 legem
441 1420 550 1481 valens
561 1420 737 1499 exprimere
752 1421 829 1482 vele
844 1420 1012 1482 contrario.

83 1507 85 1510 ’
200 1514 299 1572 Porro
328 1511 398 1572 haee
422 1512 572 1591 principis
599 1513 745 1574 voluntas
780 1517 991 1594 presumpta,
1023 1531 1094 1594 quae

158 1604 356 1684 potissimum
368 1605 624 1667 considereturin
634 1607 704 1686 legs
715 1625 778 1667 non
788 1607 915 1686 scripta,
924 1606 1093 1687 aliquando

157 1698 278 1776 magiS,
297 1699 466 1778 aliquando
488 1699 592 1760 minus
620 1699 822 1778 praesumitur
845 1717 882 1760 oc
901 1699 1015 1777 scitur,
1045 1719 1095 1760 se-

158 1791 300 1853 cundum
317 1792 402 1871 quod
419 1793 613 1854 consuetudo
631 1794 771 1855 moribus
787 1793 911 1855 invecta
926 1793 1027 1872 magis
1044 1794 1094 1854 vel

159 1885 267 1945 minus
295 1904 314 1945 a
341 1885 464 1947 statutis
492 1886 614 1965 legibus
646 1887 870 1949 abhorrescere
897 1887 1091 1966 perhibetur.

161 1977 295 2038 Maxime
306 1978 377 2040 ideo
400 1979 601 2057 praesumitur
615 1981 741 2060 quando
755 1999 859 2041 mores
871 1979 923 2060 jus
944 1980 1094 2058 scriptum

161 2072 408 2150 interpretantur
428 2071 535 2152 illique
561 2073 802 2134 obsecundent:
828 2076 875 2134 est
898 2073 982 2132 enim
1008 2073 1094 2151 prin-

161 2164 240 2244 cipis
269 2165 412 2226 voluntas
437 2183 495 2245 pro
510 2165 591 2246 juris
617 2166 865 2226 conservatione.
893 2165 993 2224 Minus
1019 2183 1094 2226 vero

161 2257 363 2337 praesumitur
386 2258 438 2319 ubi
461 2277 566 2319 mores
591 2258 710 2339 aliquid
738 2257 920 2321 contineant
946 2257 1095 2338 quod-sit

161 2354 279 2430 preeter
294 2351 357 2431 jus,
381 2352 437 2412 sed
457 2352 521 2433 juri
546 2357 735 2414 tamennon
762 2351 964 2414 eontrarium.
995 2349 1095 2412 Minus

158 2443 250 2504 etium
265 2445 391 2524 quando
405 2465 510 2507 mores
522 2446 640 2526 aliquid
652 2445 812 2508 continent
818 2445 882 2527 juri
897 2445 1093 2508 antecedenti

161 2537 370 2612 contrarium3
381 2541 456 2600 tunc
466 2540 549 2600 enim
560 2540 705 2601 voluntas
719 2539 868 2620 principis
883 2543 931 2601 est
944 2557 1001 2619 pro
1008 2539 1091 2620 jure,

162 2633 194 2692 et
209 2649 273 2690 non
287 2634 391 2710 potest
404 2633 588 2694 naturaliter
602 2633 747 2712 supponi.

202 2725 374 2802 Propterea
388 2729 549 2804 receptum
572 2729 619 2787 est
641 2726 737 2786 micus
760 2733 872 2806 tenpus
895 2723 1012 2804 requiri
1035 2745 1092 2804 pro

159 2817 387 2878 consuetudine
409 2818 564 2880 seeundum
579 2819 651 2900 jus,
678 2819 775 2900 nujus
792 2838 849 2898 pro
867 2819 1091 2880 consuetudine

153 2917 272 2990 preter
278 2909 343 2990 jos,
359 2913 521 2972 mantheum
536 2931 592 2992 pro
607 2913 833 2974 consuetudine
846 2916 957 2974 contre
967 2912 1029 2994 jus.

200 3003 239 3064 llt
262 3001 323 3064 hoc
348 3004 532 3084 intelligitur
556 3006 682 3086 quando
705 3006 755 3066 lex
778 3007 897 3066 nullum
912 3025 1092 3085 expressam

157 3095 352 3157 mentionem
364 3098 440 3160 feeit
450 3100 489 3159 de
503 3099 740 3161 cousuetudine.
758 3100 820 3161 Sed
833 3099 960 3180 qnando
970 3098 1022 3180 jus
1039 3117 1092 3158 ex-

157 3207 267 3269 presse
292 3190 439 3269 prohihet
463 3193 696 3274 qualescunque
711 3193 953 3254 consuetudines
968 3195 1093 3254 eontra-

157 3282 233 3359 ria5‚
257 3285 332 3344 tunc
354 3303 417 3345 non
439 3289 571 3364 possunt
590 3305 695 3348 mures
717 3287 834 3348 inducti
857 3290 968 3348 contre
987 3286 1092 3362 legem

155 3375 274 3438 facere.
