2542 4122
209 319 268 382 no
430 327 661 379 muraneum
680 327 765 378 ronrs
785 327 939 378 emoriar.

209 474 459 538 contradictione
480 474 619 554 partiam
629 503 670 522 u-
681 475 749 538 eive
769 474 802 534 in
815 471 917 536 forma
933 473 1150 550 contentiose,

209 569 279 630 litas
294 567 482 630 dirimendo.
498 569 642 630 Occurn't
662 568 723 629 illis
738 565 959 630 controverins
973 581 1049 646 qum
1065 566 1152 627 circa
1249 599 1250 602 κ

211 679 304 724 usum
316 677 479 722 sacrarum
499 661 761 724 ceremoniarum
775 659 970 721 exeduntur.

251 751 521 816 Eotrcorda'ooriue
540 754 687 833 dirigitur
705 754 747 814 ad
768 751 985 814 decernendos
1013 750 1155 812 bonores

213 847 356 928 publicos
372 846 475 907 cultus
496 847 615 908 sanctis
630 846 697 922 Dei,
715 846 780 906 sive
799 863 858 924 per
872 843 1154 920 beatificationem,
1249 877 1250 880 =

213 941 279 1002 sive
303 957 361 1018 per
390 938 669 1000 canonizationem.
696 937 918 1017 congregatio,
928 937 961 996 in
973 936 1039 998 boo
1066 951 1153 1013 casn,

213 1032 381 1111 comparia
393 1031 496 1093 forma
510 1031 705 1094 contentiosa
719 1034 751 1092 et
763 1030 906 1109 ampliori
916 1045 1071 1091 consessu
1086 1047 1155 1108 pro

213 1125 306 1201 cedit,
331 1123 478 1185 videlicet
500 1124 661 1185 advocetIs
692 1123 761 1184 aliis
786 1124 882 1184 etiarn
914 1121 1154 1183 consultoribus

212 1221 327 1298 prater
339 1216 523 1294 ordinarios,
539 1220 570 1278 et
588 1217 703 1279 auditis
719 1215 960 1296 allegationibus
969 1213 1156 1294 promotorc'r

214 1311 296 1392 fidei,
324 1310 379 1389 qui
405 1311 437 1370 in
463 1309 512 1370 his
539 1309 665 1390 judiciis
689 1310 822 1372 sustinet
844 1312 952 1389 partes
966 1323 1033 1368 non
1061 1307 1156 1386 longe

215 1403 355 1463 diversas
378 1402 419 1462 ab
443 1402 481 1462 iis
505 1419 575 1482 quae
602 1402 789 1464 incumbunt
812 1403 968 1464 advocato
990 1400 1098 1462 fiscali
1126 1399 1156 1461 in

212 1493 340 1575 judiciis
355 1493 579 1557 criminalibus.

255 1588 385 1648 Constat
397 1587 465 1650 hoec
477 1588 680 1667 congregatio
691 1586 913 1663 cardinalibus,
926 1603 1067 1666 quorum
1076 1603 1156 1648 unus

214 1677 375 1758 prefectus
408 1683 473 1756 est,
510 1679 721 1740 consultoribus
753 1679 896 1759 pluribus
919 1695 957 1739 ac
982 1679 1154 1740 secretorio.

220 1771 328 1832 Plures
350 1771 447 1833 hebet
470 1773 660 1834 secretarius
679 1773 896 1854 coadjutores3
920 1771 1006 1833 unde
1023 1771 1156 1852 emergit

216 1863 373 1926 secretaria
387 1865 442 1926 SS.
461 1865 524 1926 aa.
1249 1939 1250 1942 Ἴ

257 1957 368 2018 XXIII.
391 1959 423 2018 6⁰
453 1955 647 2038 Congreyatio
674 1958 873 2038 episcopomm
901 1965 931 2017 et
952 1957 1149 2037 regularior.
1249 1945 1250 2035 I

218 2050 290 2112 Fuit
311 2049 428 2130 duplex
448 2051 482 2111 in
502 2051 654 2128 primaeva
673 2069 730 2112 sua
750 2049 955 2127 insIItutione,
981 2051 1085 2112 altera
1100 2067 1153 2130 pro

219 2143 446 2206 consultatione
467 2135 687 2223 episcoporum
710 2144 907 2224 aliorumque
935 2144 1151 2222 praelatorum,
1248 2151 1249 2190 ἲ

218 2237 320 2299 altera
341 2255 399 2316 pro
426 2235 653 2298 consultatione
676 2236 878 2316 regularium.
911 2235 974 2298 Sed
999 2236 1033 2297 in
1058 2253 1152 2297 unam

218 2330 495 2409 collucentque
512 2328 597 2390 dicta
609 2332 656 2390 cst
667 2329 886 2408 episcoporum
899 2331 930 2389 et
943 2329 1148 2407 regularium.

258 2422 377 2481 Praest
397 2421 467 2482 hac
490 2421 692 2500 congregatio
716 2421 862 2482 omnibus
874 2421 999 2483 casibus
1014 2422 1072 2500 qui
1085 2420 1151 2482 affi-
1247 2419 1248 2448 ³

219 2510 306 2572 ciunt
319 2511 369 2572 vel
389 2512 552 2591 episcopos
571 2515 623 2575 vel
633 2514 803 2592 regulares.
820 2515 860 2575 Et
873 2531 946 2575 cum
957 2513 990 2574 in
1001 2513 1076 2594 jure
1087 2515 1151 2575 lere

219 2604 306 2666 nullo
328 2622 422 2666 causa
447 2605 487 2666 sit
510 2624 580 2686 quea
606 2606 647 2666 ad
662 2607 825 2686 episcopos
846 2607 896 2668 vel
910 2607 1077 2686 regulares
1090 2623 1151 2668 non

220 2698 389 2775 referatur,
428 2697 498 2760 haec
529 2699 730 2778 congregatio
769 2702 816 2760 est
844 2699 977 2779 negotiis
1014 2699 1150 2760 refertis

219 2788 308 2865 sima,
324 2793 355 2850 ct
368 2791 474 2852 vocari
489 2791 569 2852 solet
582 2791 768 2872 congregotio
788 2791 884 2872 aujor
893 2811 907 2852 .·
920 2792 1071 2854 Urbanus
1084 2792 1149 2854 VIII
1246 2811 1247 2850 ι

220 2897 291 2940 eam
305 2881 409 2943 dicere
423 2883 544 2945 solebat
553 2884 829 2964 congregationem
843 2885 1068 2946 universalem.
1085 2885 1149 2956 Quo

220 2972 257 3033 iit
277 2974 314 3034 ul
328 2971 420 3034 facile
440 2991 512 3036 cnm
531 2975 599 3036 aliis
616 2975 712 3038 etiam
726 2975 1024 3056 congregationibus
1038 2975 1073 3036 in
1086 2974 1148 3054 qni·

219 3065 353 3128 busdam
387 3067 511 3128 casibus
537 3075 720 3146 concurrat,
750 3069 990 3148 praescindendo
1026 3065 1149 3128 abillis
1245 3065 1246 3080 ³

221 3158 353 3239 negotiis
376 3175 447 3238 qnae
458 3161 584 3239 proprie
597 3165 740 3240 spectant
766 3163 807 3223 ad
830 3161 918 3223 olias.
947 3161 1051 3222 Habet
1078 3173 1148 3220 suos

220 3252 330 3313 modos
353 3251 543 3331 procedendi
571 3252 603 3313 in
637 3254 740 3316 forma
770 3254 909 3334 gratiosa
934 3254 984 3314 vel
1024 3258 1147 3314 conten·

221 3343 311 3420 ocra,
329 3347 390 3407 etc.

261 3438 406 3513 Constet,
438 3437 485 3500 nti
521 3439 643 3500 caeterae
675 3439 948 3520 congregationes,
985 3435 1145 3500 cardinali·

223 3525 293 3600 bus,
310 3531 369 3590 etc.
