2540 4132
231 343 271 404 98
439 353 669 402 rusmuumouss
689 353 772 400 roms
794 353 947 400 enuourcr.

233 499 402 580 quemdam
417 516 455 558 ex
470 497 530 558 illis
543 497 705 558 monachis
722 498 859 576 Scythiae
877 497 930 576 qni
951 516 1009 576 per
1029 516 1071 558 ea
1090 502 1162 559 tem-

234 610 313 672 pora
334 590 539 652 defenderent
561 591 808 669 propositionem
837 591 993 651 celebrem
1018 611 1026 651 :
1059 613 1075 648 n
1096 611 1163 651 unm

232 686 267 746 cle
294 684 439 745 Tmnitote
455 701 560 763 pessus
578 691 636 759 est,
655 706 669 740 o
695 687 863 762 propterea
885 684 1008 744 venisse
1034 687 1162 744 Romam

232 795 361 840 causam
383 793 473 836 snam
492 775 666 853 dicturum,
685 777 769 836 unde
784 776 958 837 timendum
972 777 1109 838 fortasse
1121 781 1164 837 est

232 871 318 952 quod
340 868 528 948 probitatem
540 886 603 929 nou
614 873 735 931 tantam
748 869 894 928 habuerit
906 872 1059 948 quantam
1072 869 1163 930 simu-

232 963 362 1034 laverit3
392 979 450 1022 nec
477 965 600 1022 tantum
627 961 722 1021 fuisse
745 964 896 1022 Romanae
913 961 985 1023 Sedi
1015 962 1161 1024 devotum

232 1074 329 1137 quam
339 1073 465 1114 curasse
476 1057 512 1114 nt
525 1073 595 1114 eam
617 1053 674 1114 sibi
690 1053 881 1115 conciliaret.
904 1055 969 1114 Hos
982 1055 1159 1133 scrupulos,

231 1149 289 1209 lias
311 1147 498 1224 anxietates,
522 1163 600 1226 quas
619 1145 736 1224 ingerit
754 1146 956 1223 Berherdius,
975 1165 1014 1206 ex
1039 1165 1077 1208 eo
1097 1151 1161 1208 tau-
1245 1197 1246 1224 ,

230 1247 298 1304 tum
317 1239 378 1301 levi
396 1239 599 1300 fondamento
612 1239 698 1318 ¹quod
719 1239 886 1317 Dyonisius
902 1243 972 1300 erat
989 1240 1161 1302 monachos

231 1335 359 1414 scytha,
390 1337 463 1394 sunt
492 1332 607 1394 nullius
632 1332 803 1408 momenti,
829 1351 901 1395 cum
924 1351 962 1392 ex
985 1333 1048 1394 alia
1076 1337 1160 1412 parte
1245 1319 1246 1364 3

231 1430 353 1490 constet
366 1427 448 1487 hane
463 1425 678 1486 collectionem
692 1424 787 1484 fuisse
803 1425 887 1502 apud
904 1425 1033 1486 Latinos
1052 1425 1161 1486 uuani-

231 1521 324 1582 miter
337 1523 496 1599 receptam
513 1519 544 1578 et
558 1517 728 1578 maximam
745 1515 804 1576 sibi
821 1517 1032 1594 promeruisse
1057 1518 1158 1578 existi·

230 1613 410 1676 motionem.

270 1709 336 1766 Hoc
346 1704 461 1766 sufficit
471 1703 655 1782 suffragium
668 1702 829 1782 publicum
842 1707 877 1764 ut
898 1702 1039 1766 dicamus
1056 1702 1159 1784 hujus

229 1797 315 1860 modi
331 1795 522 1858 collectionis
537 1800 697 1858 auctorem
709 1795 795 1858 haud
808 1796 903 1858 fuisse
913 1797 1089 1859 falsarium.

270 1887 492 1969 Hujuspuhlici
500 1889 639 1967 suffragii
647 1888 863 1950 testimonium
873 1889 1027 1954 habemus
1040 1889 1159 1970 potissi

231 2001 319 2048 mutn
333 2001 371 2043 ex
386 1999 422 2042 eo
436 1981 520 2060 quod
532 1981 700 2059 Adrianus,
719 1983 867 2043 Summus
882 1983 1036 2060 Pontifex,
1051 1983 1160 2045 Carolo

231 2078 484 2156 MaguoRomam
494 2073 630 2136 venienti
641 2074 763 2135 dederit
774 2093 932 2136 canonum
946 2076 1161 2140 collectionem

231 2170 348 2234 dictem
363 2167 553 2244 Adrianam,
563 2187 633 2248 quae
644 2185 706 2246 non
722 2167 826 2230 differt
840 2187 859 2230 a
873 2168 1085 2248 llyonisiane‚
1105 2167 1160 2230 nisi

230 2263 262 2324 in
280 2266 431 2342 quantum
440 2261 579 2340 praeterit
589 2279 724 2322 canones
737 2262 941 2324 conciliorum
950 2262 1158 2341 generalium,

226 2355 294 2434 jam
307 2355 340 2414 in
353 2355 457 2417 Galliis
466 2357 566 2431 notos,
581 2357 612 2415 et
621 2355 767 2432 producit
782 2355 956 2418 decretales
970 2355 1156 2434 pontificias,

230 2446 326 2508 etiem
340 2450 412 2524 post
425 2447 625 2508 Anastasium
639 2449 676 2508 Il.

268 2541 343 2601 Haec
355 2537 495 2600 collectio
507 2539 663 2618 Adriane,
679 2559 775 2620 opera
785 2541 886 2603 Caroli
901 2539 1020 2621 Magni,
1033 2543 1159 2620 recepta

229 2635 276 2696 est
288 2632 319 2694 in
336 2631 434 2696 Gallia
453 2633 611 2694 communi
626 2634 793 2712 suffragio;
811 2639 842 2696 et
858 2637 987 2713 propter
1003 2651 1157 2698 summam

230 2745 292 2807 qua
302 2726 461 2804 gaudebat
469 2726 698 2803 auctoritatem,
708 2728 955 2790 antonomastice
969 2731 1085 2788 vocata
1091 2731 1153 2790 est:

231 2818 330 2880 Codes
343 2837 492 2882 cononum.
939 2902 940 2905 Ἴ

269 2913 424 2974 Caeterum
441 2913 546 2974 nullus
563 2911 668 2975 adhuc
686 2913 744 2976 luit
763 2913 816 2994 qui
834 2913 1006 2994 quamdam
1022 2913 1158 2992 poluerit

229 3004 464 3084 deprehendere
487 3006 656 3068 falsitatem
681 3008 713 3067 in
739 3009 922 3069 collectione
954 3007 1154 3085 Dyouisiana.

227 3099 310 3177 llrgo
324 3098 407 3160 omni
427 3099 488 3160 fide
500 3099 683 3179 dignissima
693 3104 740 3161 est
756 3100 895 3180 Dyonisii
914 3100 1077 3177 collectio,
1092 3100 1157 3162 sive

227 3193 367 3271 inspecta
381 3193 511 3254 seientia
521 3197 551 3254 et
560 3193 716 3272 probitate
727 3193 912 3271 collectoris
930 3193 995 3254 sive
1017 3193 1157 3272 inspecto

226 3285 352 3366 publica
376 3305 472 3365 quam
496 3287 606 3348 habuit
627 3286 872 3364 existimatione,
894 3290 926 3347 et
947 3287 1061 3346 exinde
1087 3284 1156 3348 reti·

227 3380 332 3441 nenda
344 3383 400 3440 est.
