2518 4144
203 335 243 397 24
412 347 640 398 rrsrrrurrouns
660 347 743 397 ruris
766 348 919 400 annosior.
1077 347 1079 351 ·

205 495 245 557 ad
263 495 358 555 finem
375 492 498 574 dirigit,
515 496 562 554 est
574 500 721 574 potestas,
749 511 819 575 quae
836 488 953 556 idcirco
972 491 1035 556 dici
1055 494 1141 559 solet

204 587 306 650 forma
319 586 487 650 societatis.
504 586 580 648 Inde
595 587 697 649 forma
710 587 870 668 regiminis
887 606 925 649 ex
938 588 1008 667 ipsa
1021 592 1142 652 natura

204 679 522 759 potcstatisresultat.'
737 759 741 768 ι

243 776 384 836 Potestas
402 791 477 834 vero
497 771 530 832 in
549 772 706 835 abstracto
726 775 867 851 spectata
885 773 963 834 nihil
982 774 1068 835 aliud
1090 779 1143 837 est

205 885 300 949 quam
324 866 503 945 complexus
522 865 651 946 quidam
668 865 804 946 jurium3
822 865 854 926 in
870 869 1015 928 concreto
1027 869 1141 930 autem

159 1031 162 1036 ¹
204 979 299 1041 penes
316 977 411 1020 unam
425 977 593 1038 personam
607 958 772 1038 physicam
788 959 839 1020 vel
850 959 1003 1020 moralem
1017 959 1136 1039 existit,

205 1071 275 1133 quae
288 1051 449 1132 subjectum
463 1051 636 1130 potestatis,
651 1069 706 1112 seu
721 1051 845 1113 illorum
852 1051 982 1133 jurium,
996 1053 1140 1132 appella-

204 1149 265 1208 tur.
280 1143 424 1205 Proxime
435 1161 510 1224 ergo
525 1163 582 1223 per
595 1143 725 1206 modum
741 1163 802 1224 quo
818 1144 870 1205 illa
889 1145 1070 1224 complexus
1081 1146 1139 1227 ju-

205 1238 287 1299 rium
298 1237 330 1297 in
345 1255 402 1298 suo
414 1236 554 1317 subjecto
569 1236 660 1314 inest,
679 1236 826 1298 definitur
844 1235 946 1299 forma
959 1237 1136 1318 regiminis,

203 1349 273 1411 quae
290 1333 338 1392 est
350 1329 475 1410 simplex
495 1332 549 1391 aut
563 1347 653 1408 pura,
672 1329 697 1390 si
718 1329 878 1408 plenitudo
897 1331 1060 1410 potestatis
1078 1331 1138 1393 uni

203 1423 343 1504 subjecto
358 1423 449 1499 inest,
461 1421 618 1502 composita
627 1425 686 1484 aut
698 1421 807 1500 mixta,
820 1421 846 1484 si
856 1421 999 1502 pluribus
1012 1423 1138 1504 subjec-

202 1517 252 1594 tis,
270 1534 404 1596 quorum
423 1514 546 1594 singula
559 1518 682 1594 partem
701 1515 864 1577 dumtaxat
882 1519 1065 1578 exercerent
1080 1535 1139 1579 su-

202 1627 319 1689 premae
336 1607 517 1688 potestatiS,
534 1608 676 1670 inhaeret.

242 1703 337 1765 XVII.
362 1703 379 1763 J
382 1720 434 1762 am
448 1719 523 1762 vero
538 1701 668 1779 triplicis
679 1700 803 1780 generis
814 1719 881 1762 esse
896 1704 1000 1781 potest
1011 1700 1140 1783 subjec-

202 1797 270 1855 tum
297 1793 458 1872 potestatis
481 1811 656 1872 supremae‚
678 1812 791 1872 nempe
819 1813 911 1872 unus
932 1795 1040 1874 pauci,
1066 1795 1139 1875 ipsa

202 1885 368 1948 multitudo
386 1907 393 1946 :
411 1889 442 1946 et
459 1885 503 1946 sic
520 1885 643 1964 exurgit
661 1885 775 1964 triplex
788 1887 890 1948 forma
904 1887 1037 1968 simplex
1050 1889 1138 1968 regi-

190 1979 306 2058 minis,
320 1978 533 2056 monarchiae,
549 1978 762 2040 aristocratiae
775 1982 806 2041 et
817 1980 1039 2043 democratica.

244 2076 274 2134 l⁰
295 2071 468 2134 Monarctio
486 2075 533 2134 est
547 2089 585 2132 ea
598 2071 759 2151 regiminis
773 2073 875 2134 forma
889 2073 921 2134 in
935 2093 999 2153 qua
1013 2072 1138 2154 subjec-

203 2171 270 2230 tum
284 2166 447 2248 potestatis
462 2169 509 2228 est
524 2185 588 2228 una
601 2183 736 2246 persona
748 2164 890 2245 physica.

242 2267 273 2324 2⁰
293 2260 490 2324 Aristocratr‘a
514 2259 567 2320 illa
592 2262 639 2320 est
664 2259 765 2320 forma
789 2257 822 2319 in
851 2278 914 2339 qua
939 2263 1079 2339 potestas
1102 2261 1137 2322 in

203 2355 310 2434 paucis
327 2352 527 2432 optimatibus
546 2352 637 2429 inest,
655 2370 691 2413 ao
705 2350 837 2431 proinde
848 2351 941 2432 cujus
955 2351 1137 2433 subjectum

204 2445 396 2509 auctoritatis
420 2462 574 2524 suprema
594 2447 641 2506 cst
663 2445 809 2525 quaedam
827 2463 962 2524 persona
987 2445 1134 2523 moralis,

203 2558 266 2602 non
283 2539 437 2616 omnibus,
454 2537 510 2599 sed
524 2537 632 2618 paucis
646 2537 828 2617 proceribus
841 2539 1030 2601 coalescens.

243 2636 274 2696 3⁰
295 2633 435 2694 Tandem
454 2629 631 2693 docueratis
649 2631 825 2710 appellatur
843 2631 920 2709 illud
938 2630 1081 2712 regimen
1101 2633 1135 2693 in

203 2745 265 2808 quo
279 2729 418 2806 potestas
428 2725 517 2787 estin
530 2724 659 2804 populo,
673 2742 729 2785 seu
740 2724 772 2784 in
786 2723 856 2804 ipsa
865 2723 1065 2786 multitudine
1081 2745 1087 2786 :
1103 2724 1137 2786 in

202 2818 262 2880 hac
282 2838 357 2898 ergo
375 2819 476 2881 forma
497 2817 673 2898 subjectum
692 2832 846 2896 suprema
871 2817 1066 2880 auctoritatis
1087 2820 1139 2879 est

205 2911 350 2992 quaedam
364 2930 498 2990 persona
510 2910 637 2972 moralis
646 2910 793 2972 universa
805 2910 896 2991 plebe
912 2913 1069 2972 constans.

242 3008 359 3067 Praeter
369 3005 426 3066 has
435 3005 551 3066 formas
561 3004 728 3083 simplices,
747 3004 861 3066 dantur
872 3003 1027 3083 regimina
1036 3003 1138 3066 mixta

203 3096 267 3159 fere
293 3099 475 3176 innumera,
497 3115 566 3178 quae
591 3116 629 3158 ex
650 3095 738 3159 varia
762 3096 898 3158 mixtura
925 3100 956 3158 et
981 3095 1137 3158 divisione

199 3191 318 3272 jurium
344 3191 425 3253 inter
453 3191 544 3271 plura
572 3189 713 3271 subjecta
739 3193 920 3270 exsurgunt.
956 3189 1137 3270 Aliquando

202 3304 283 3346 unus
303 3288 429 3364 partem
447 3285 600 3364 potiorem
619 3283 739 3365 jurium
758 3281 929 3363 majestatis
952 3284 1054 3356 tenet3
1078 3281 1139 3343 ali-

203 3379 328 3459 quando
340 3378 489 3459 haecpars
499 3378 531 3438 in
546 3395 641 3438 manu
655 3376 840 3457 optimatum
852 3375 902 3437 vel
916 3375 1014 3454 ipsius
1028 3375 1140 3455 populi

203 3473 375 3552 reperitur;
400 3475 431 3532 et
444 3473 581 3549 potestas
594 3470 716 3549 integra
736 3467 927 3549 conjunctim
942 3467 974 3528 in
993 3467 1140 3546 pluribus

203 3569 346 3632 versatur
358 3561 515 3649 subjectis
531 3564 639 3644 Itaque
656 3581 713 3642 pro
730 3560 836 3623 divina
854 3560 974 3622 ratione
991 3578 1055 3642 qua
1075 3559 1140 3624 dis·
