2588 4124
209 316 271 378 stt
430 325 660 376 msrrronosas
678 326 762 376 rums
783 327 937 404 ememor.

212 474 254 538 ab
273 471 429 553 episcopis
445 470 611 534 mittuntur
628 489 687 553 pro
699 471 840 534 relatione
851 479 944 535 status
964 491 1027 536 ene
1039 474 1163 538 dioece·

211 584 281 641 scos,
315 564 489 645 prasertim
508 569 650 643 tempore
673 564 875 643 visitationis,
899 569 935 628 ut
961 567 1080 630 referat
1103 569 1146 630 ad
1240 554 1244 564 '

212 658 488 740 congregationem
519 657 747 718 cardinalitium
783 661 814 720 et
838 657 985 739 subjiciat
1013 659 1145 724 intuitui

213 755 303 815 Rom.
318 749 487 827 Pontifiois,
504 749 529 810 si
540 749 617 831 quid
628 749 774 812 videatur
788 768 856 814 esse
868 750 901 812 in
914 751 974 813 hac
987 753 1146 816 relatione

214 845 299 926 quod
324 842 478 924 gravimm
502 841 543 904 sit
562 842 715 906 momenti
737 842 1018 924 auctoritatemque
1044 845 1146 924 ipsius

213 935 372 1001 Pontificis
384 934 532 1016 requirat.

252 1031 319 1092 XX.
342 1031 376 1090 3ο
406 1025 600 1108 Conprepalio
625 1025 745 1088 Iadica.
772 1029 850 1089 (lum
885 1027 963 1090 nihil
990 1029 1032 1091 sit
1059 1031 1146 1092 unde

211 1121 313 1202 magis
326 1120 446 1201 possint
459 1137 563 1182 mores
578 1118 735 1198 corrumpi
748 1137 843 1200 quam
861 1119 953 1182 lectio
972 1139 1146 1200 pravorum

211 1215 374 1290 librorum,
397 1212 537 1275 Ecclesia
554 1211 602 1273 sui
617 1211 756 1273 muneris
769 1229 836 1272 esse
851 1212 940 1274 duxit
952 1216 1021 1275 tum
1030 1215 1146 1276 mediis

211 1305 422 1389 pratentivis,
440 1323 496 1366 seu
514 1303 679 1380 novisima,
696 1303 848 1384 impedire
862 1323 902 1365 ne
916 1305 994 1367 tales
1007 1307 1146 1369 edantur

211 1399 295 1475 libri,
322 1402 390 1460 tum
418 1397 531 1458 mediis
557 1395 740 1475 repressivis
765 1397 929 1458 consulere
958 1401 991 1459 ut
1013 1398 1039 1459 si
1068 1399 1145 1462 editi

212 1493 325 1567 essent,
335 1489 385 1550 vel
394 1487 597 1550 materialiter
606 1489 911 1566 destruerentur,vel
920 1490 1145 1553 ssltcmmora-

211 1584 293 1660 liter,
318 1585 412 1645 cauta
425 1580 543 1643 scilicet
566 1579 787 1661 prohibitione,
813 1599 877 1662 qua
891 1581 1036 1644 fidelibus
1060 1589 1146 1645 esset

212 1675 413 1740 interdictum
440 1693 494 1736 eos
516 1674 623 1752 legere
648 1691 687 1734 ac
710 1673 855 1752 retinere,
895 1675 979 1737 unde
1015 1674 1145 1738 illarum

212 1767 399 1830 existimatio
423 1766 627 1828 minueretur.
645 1765 697 1828 Sic
719 1764 873 1843 videmus,
898 1770 966 1830 Act.
998 1783 1062 1845 xlx,
1092 1771 1142 1846 lt,

212 1860 371 1941 apostolos
393 1858 546 1922 librorum
569 1858 692 1936 copiam
709 1875 816 1920 coram
835 1859 979 1921 omnibus
991 1860 1024 1920 in
1036 1860 1144 1940 ignem

89 1947 93 1958 '
187 1951 394 2034 conjecisse,
409 1969 543 2033 quorum
563 1950 700 2031 pretium
723 1951 764 2012 ad
786 1951 1030 2014 Ldenariarum
1044 1954 1146 2015 millia
1273 1983 1274 1994 κ

212 2044 414 2129 pertingeret.
429 2044 579 2108 Videmus
593 2045 662 2105 tum
676 2042 850 2106 ordinarios
866 2045 1028 2124 episcopos
1043 2046 1076 2106 in
1086 2065 1146 2108 sua

212 2137 352 2218 dioecesi,
377 2140 445 2200 tum
467 2139 557 2221 Rom.
579 2134 763 2197 Pontificem
785 2140 816 2198 et
833 2137 965 2199 concilia
982 2139 1146 2216 generalia

212 2233 245 2294 in
260 2232 407 2295 universa
422 2229 572 2306 Ecclesia,
589 2227 702 2290 horum
720 2246 891 2307 pravorum
902 2229 1057 2292 librorum
1071 2249 1145 2310 per

213 2325 325 2387 ditioni
333 2323 513 2386 intendisse.

254 2416 316 2476 Sed
325 2415 566 2478 circumstantia
581 2431 652 2476 saec.
667 2416 747 2491 XVI,
759 2433 904 2495 -quum
918 2433 1042 2496 nempe,
1057 2417 1146 2478 adin-

212 2509 307 2570 venta
318 2510 384 2569 arte
398 2507 636 2586 typographica,
654 2506 802 2587 jamtum
824 2509 938 2570 saeculc
953 2510 1146 2587 praeccdenti

213 2599 341 2664 haeresis
363 2603 510 2679 eruperat
526 2618 564 2660 ex
586 2617 648 2680 quo
663 2599 785 2662 infinita
807 2618 977 2679 pravorum
990 2601 1147 2664 librorum

212 2693 311 2758 series
335 2696 367 2756 et
387 2692 535 2780 ccliuvies
558 2691 736 2754 universam
748 2691 915 2756 infestabat
930 2695 1147 2775 Europam,—

212 2787 371 2865 postulare
395 2785 469 2848 vises
491 2788 564 2846 sunt
584 2785 619 2845 ut
642 2783 809 2848 efficaciori
827 2785 931 2848 medio
955 2787 1030 2848 hnic
1059 2791 1144 2850 malo
1272 2787 1273 2804 ²

213 2880 458 2940 succurreretur.
480 2879 527 2940 lta
547 2875 620 2938 Pius
643 2877 684 2938 lv
705 2877 867 2956 proposuit
886 2878 986 2958 (1557)
1003 2882 1039 2940 ut
1055 2880 1147 2942 indae

213 2967 431 3046 conficeretur,
448 2969 532 3030 unde
548 2986 656 3030 omnes
674 2967 787 3030 Christi
801 2968 910 3031 fideles
922 2971 1002 3032 scire
1015 2978 1146 3050 possent

212 3060 361 3143 aquibus
383 3060 471 3124 libris
493 3059 729 3135 abstinendum3
753 3061 847 3122 index
860 3062 1020 3124 confectus
1034 3066 1145 3126 etvul·

212 3158 305 3236 gatus
319 3157 366 3215 est
376 3152 457 3214 inira
466 3152 638 3213 biennium.

253 3247 316 3316 Sed
342 3245 456 3308 iterum
477 3243 881 3307 concilium'lridentinum
900 3246 987 3326 operi
1001 3247 1145 3310 incubuit

212 3343 244 3404 et
255 3338 374 3416 statuit,
390 3336 527 3402 sessione
542 3340 590 3414 18,
607 3339 643 3398 ut
655 3335 750 3397 index
764 3337 868 3400 denuo
882 3339 1088 3418 perficeretur
1100 3341 1143 3402 ad

212 3432 365 3510 quasdam
390 3429 543 3510 querelas,
571 3446 641 3509 qua
665 3429 803 3492 suborta
826 3430 961 3509 fuerant,
992 3451 1009 3492 e
1034 3432 1140 3495 medic

211 3521 378 3584 tollendas.
404 3521 466 3582 Sed
485 3520 617 3599 jamjam
645 3519 812 3582 concilium
831 3522 1046 3588 claudendum
1060 3528 1158 3602 erat·
