2518 4144
220 347 260 414 58
432 361 661 416 rusrrrurrouas
681 365 764 416 roms
785 364 940 418 aaronica

220 508 322 590 magis
343 528 381 570 ex
404 511 514 574 fraude
536 511 650 576 horum
665 511 884 576 haereticorum
899 532 995 593 quam
1010 532 1051 574 ex
1074 510 1158 574 malo

221 602 325 664 animo
350 622 388 664 ex
413 608 503 682 parte
532 606 726 668 auctoritatis
752 605 861 682 civilis,
889 606 1101 686 imperatores
1130 610 1160 668 et

221 715 311 776 reges
322 697 480 758 christiani
496 699 669 760 Ecclesiam
683 702 836 779 tanquam
850 703 985 760 matrem
998 719 1093 762 suam
1108 719 1160 760 ve·

221 790 423 866 uerebantur,
448 794 479 850 et
499 789 542 850 illi
566 810 628 852 non
643 796 766 854 tantum
780 792 958 854 libertatem
979 797 1011 854 et
1026 797 1159 854 autono-

220 883 317 944 miam
325 883 529 963 reliquerunt,
540 885 596 945 sed
606 889 637 946 et
646 885 732 945 illam
743 885 923 946 omnimoda
931 887 1159 964 temporalium

221 976 456 1055 privilegiorum
469 979 679 1040 cumulatione
693 978 904 1039 condecorare
919 978 1116 1040 nitebantur.

262 1069 312 1130 Sic
328 1088 403 1147 ergo
417 1070 512 1130 facies
539 1071 688 1148 historiae,
705 1071 765 1132 hao
784 1071 816 1130 in
839 1091 883 1150 re,
901 1071 1069 1133 immutata
1089 1091 1156 1134 esse

220 1161 355 1239 videtur,
373 1163 458 1241 quod
481 1163 513 1223 in
540 1164 642 1242 prima
656 1164 786 1242 periodo
809 1165 950 1224 Ecclesia
963 1166 1154 1244 proscripta,

221 1255 253 1314 in
276 1255 415 1316 secunda
427 1256 498 1334 hac,
516 1261 712 1318 nontautum
726 1257 822 1336 injus
842 1275 1009 1318 commune
1026 1263 1157 1336 recepta

221 1347 289 1425 fuit,
306 1368 370 1410 uon
384 1352 506 1410 tantum
525 1368 655 1429 arogno
670 1349 752 1410 civili
767 1350 959 1412 consortium
977 1354 1010 1411 et
1022 1351 1155 1412 tutelam
1246 1385 1247 1434 i

221 1441 370 1518 obtinuit,
388 1443 444 1502 sed
463 1445 615 1522 tanquam
633 1442 801 1522 magistra,
825 1447 872 1521 et,
892 1447 1045 1524 tanquam
1058 1444 1155 1522 ipsius
1246 1441 1247 1466 ÷

221 1534 378 1595 societatis
402 1535 500 1596 civilis
522 1536 597 1613 vita,
623 1536 656 1596 in
682 1555 790 1598 omues
812 1535 879 1616 ejus
894 1541 1000 1614 partes
1023 1537 1154 1597 influere

221 1627 289 1688 visa
303 1628 352 1689 sit.
369 1630 414 1688 Ea
427 1632 495 1690 erat
512 1629 634 1708 imperii
649 1629 764 1708 gallici,
781 1630 954 1708 praesertim
969 1630 1027 1690 sub
1044 1630 1155 1692 Carolo

221 1721 346 1799 Magno,
368 1721 500 1798 indoles,
518 1725 552 1782 ut
563 1741 665 1800 reges,
683 1741 756 1782 cum
772 1722 972 1801 optimatibus
991 1723 1155 1802 regniuna

225 1831 297 1872 cum
307 1812 460 1891 episcopis
476 1813 705 1896 abbatibusque
718 1815 750 1876 in
763 1815 896 1876 comitiis
915 1815 1057 1893 adunati,
1070 1817 1155 1895 leges

224 1905 366 1966 ferebant
380 1909 447 1966 tum
462 1906 503 1967 ad
518 1906 608 1968 civile
622 1912 691 1968 tum
703 1908 744 1970 ad
754 1908 999 1970 ecclesiasticum
1013 1909 1154 1988 regimen

224 2003 411 2077 spectantes
433 2018 502 2079 quae
528 2000 705 2081 capitulario
724 2005 955 2080 nuncupantur.
977 2005 1042 2064 Nec
1064 2002 1154 2062 valde

224 2092 375 2154 absimilis
387 2097 455 2154 erat
467 2093 567 2154 forma
586 2093 741 2174 dirigendi
755 2096 874 2156 Insulas
894 2095 1102 2158 Britannicas.
1122 2097 1154 2156 ln

225 2187 402 2264 Germania,
415 2191 552 2266 systema
562 2187 750 2266 feudalismi,
763 2206 824 2267 quo
835 2187 980 2268 regiones
991 2188 1052 2250 illae
1068 2207 1154 2270 rege·

223 2280 349 2356 bantur,
367 2280 607 2341 consociabatur
620 2279 838 2340 ecclesiastica
851 2279 1053 2356 lrierarohiae3
1071 2281 1153 2342 unde

224 2373 342 2432 factum
363 2376 410 2432 est
428 2375 463 2432 ut
486 2373 658 2451 quiessent
677 2372 815 2452 episcopi
838 2377 868 2434 et
889 2373 1030 2450 abbates
1059 2375 1153 2436 iidem

225 2464 289 2524 sere
303 2467 407 2524 essent
421 2482 529 2526 omnes
547 2469 578 2526 et
592 2466 749 2545 principes
759 2466 893 2546 imperii.

264 2559 315 2620 IV.
340 2559 447 2619 Romae
469 2558 606 2636 demum,
621 2559 787 2620 Pontifices
802 2560 940 2638 Maximi,
962 2559 1076 2642 quibus
1098 2561 1153 2622 im-

223 2655 384 2730 peratores
404 2651 573 2729 christiani,
593 2652 779 2730 Byzantium
803 2656 956 2732 petentes
982 2656 1117 2716 Romam
1130 2654 1152 2716 si

223 2763 286 2806 nou
302 2748 472 2822 cesserunt,
494 2749 601 2806 tamen
614 2745 818 2826 reliquerunt,
833 2750 984 2826 tanquam
1006 2753 1152 2810 connatu-

224 2838 289 2898 rale
302 2837 470 2916 spiritualis
485 2839 647 2917 potestatis
660 2857 801 2918 germen,
826 2841 1033 2918 temporalem
1047 2847 1153 2904 aucto-

224 2930 350 2992 ritatem
368 2930 426 2990 sibi
442 2932 624 2993 suscitatam
638 2936 844 3010 agnoverunt,
862 2951 957 3012 quam
972 2953 1045 2994 cum
1060 2935 1151 3014 impe·

225 3027 365 3084 ratorum
377 3042 530 3085 consensu
544 3029 759 3086 exercuerunt.
776 3025 864 3086 Unde
878 3025 995 3086 lactum
1009 3031 1057 3088 est
1072 3027 1151 3107 quod

224 3117 398 3196 praesertim
407 3117 528 3178 saeculis
538 3120 578 3181 Vl
588 3122 619 3179 et
629 3120 694 3195 Vll,
705 3119 1048 3198 Constantinopolitano
1059 3121 1150 3201 impe-

223 3209 281 3287 rio,
298 3213 427 3288 propter
440 3209 564 3272 interna
580 3211 708 3272 dissidia
716 3211 986 3292 barbarorumque
997 3213 1148 3292 incursus,

224 3304 312 3385 quasi
337 3307 512 3382 corruente,
537 3304 741 3384 imperatores
762 3305 856 3366 rebus
881 3306 992 3368 italicis
1019 3309 1149 3386 amplius

222 3397 401 3477 prospicere
426 3397 613 3478 nequibant;
641 3399 806 3459 Pontifices
827 3399 952 3460 Maximi
979 3399 1000 3459 ii
1027 3400 1149 3462 fuerunt

223 3491 275 3570 qui
287 3509 350 3551 non
362 3491 464 3551 solum
473 3509 639 3552 romanum
654 3491 845 3552 territorium
859 3491 1083 3571 gubernarent,
1098 3494 1148 3556 sed

224 3583 286 3645 imo
311 3585 351 3644 ad
374 3603 429 3646 eos
454 3586 647 3646 confluerent
673 3584 769 3644 ltaliae
796 3585 914 3664 populi,
935 3589 1089 3665 tanquam
1112 3588 1148 3648 ad
