2542 4122
362 347 402 396 nn
423 348 551 396 omnam
571 349 654 397 uuus
676 349 831 398 curamur.
1000 339 1058 402 257

127 493 1059 576 quodammodoabsolutamjurisdictionem‚quameoetcro-

127 587 206 668 quin
225 604 371 648 exercere
395 589 510 666 posset.
533 587 596 648 Sed
614 587 813 666 pontificatue
833 588 999 666 maximus,
1022 607 1059 652 oo

126 681 197 760 ipso
213 679 342 760 quadiu
362 679 472 740 ordine
486 698 542 740 suo
562 698 727 759 supremus
740 683 796 758 est,
814 679 896 742 hano
910 681 991 762 juris
1010 701 1060 744 eo-

126 772 292 834 elesiaatioi
308 771 601 834 determinationem
615 773 756 852 recipere
770 791 834 835 uon
844 777 957 852 potest,
974 775 1061 836 ideo-

128 884 191 946 que
206 867 309 944 potest
321 864 448 944 quidem
459 867 548 926 Rom.
558 865 700 926 Pontifex
709 865 874 926 consilium
885 870 941 928 aut
951 870 1061 928 votum

55 1007 63 1018 .
126 958 252 1038 collegii
264 957 470 1019 cardinalium
486 961 642 1037 expetere,
664 976 776 1020 verum
797 977 856 1020 neo
876 958 986 1020 audire
1002 978 1061 1022 nec

126 1051 217 1130 aequi
230 1053 365 1112 tenetur.

170 1143 203 1205 Si
217 1161 291 1204 vero
304 1142 423 1205 sermo
435 1143 475 1205 sii
488 1143 527 1204 de
543 1144 617 1205 sede
632 1147 782 1221 vacante,
806 1143 915 1224 nequit
937 1145 1060 1208 admitti

127 1235 261 1317 quadiu
286 1236 454 1316 collegium
476 1236 683 1298 cardinalium
704 1237 889 1298 devolvatur
902 1237 1062 1300 ordinaria

126 1331 217 1392 Sum.
241 1328 399 1390 Pontificis
420 1328 614 1409 jurisdictio,
638 1348 701 1390 non
722 1347 812 1391 secus
829 1348 866 1390 ao
884 1330 1062 1394 devolvitur

125 1421 358 1482 ordinariorum
383 1421 602 1500 episcoporum
621 1421 798 1502 jurisdictio
827 1422 859 1484 in
887 1422 1060 1502 capitulum

123 1513 318 1577 cathedrale.

77 1666 79 1670 .
168 1606 231 1668 Sed
256 1606 458 1686 distinguitur
483 1608 735 1688 primoquidem
761 1609 930 1672 auotoritas
961 1610 1061 1672 civilis

125 1717 223 1778 quam
246 1699 342 1761 hahet
367 1703 457 1762 Rom.
475 1700 618 1763 Pontifex
643 1702 690 1764 uti
716 1721 773 1762 rex
790 1701 822 1762 in
837 1719 894 1763 auo
909 1704 1003 1780 statu,
1020 1704 1061 1765 nb

122 1792 342 1874 jurisdictione
356 1793 583 1867 ecclesiastiea3
601 1795 751 1871 secundo,
763 1793 939 1874 jurisdictio
962 1796 1062 1858 ecole-

125 1885 254 1946 siastiea
268 1904 363 1966 quam
372 1885 469 1948 hehet
480 1890 515 1947 ui
525 1889 615 1948 Rom.
633 1887 837 1966 episcopua,a
842 1886 1061 1966 jurisdictione

127 1996 224 2058 quam
238 1978 334 2040 habet
347 1981 498 2059 tanquam
510 1978 653 2040 Pontifex
667 1978 831 2040 Maximus.

166 2070 199 2132 Si
213 2089 315 2132 sermo
330 2071 371 2132 sit
382 2071 421 2132 de
434 2070 689 2132 administratione
701 2069 841 2132 benorum
853 2072 1058 2152 imperalium

124 2163 275 2224 Ecclesiae
288 2181 439 2240 romana,
456 2182 512 2225 seu
527 2163 566 2224 de
579 2163 661 2225 civili
675 2162 829 2244 regimine
844 2166 944 2224 status
959 2164 1059 2224 eccle-

126 2255 255 2333 siastici,
271 2255 425 2335 quidquid
436 2256 510 2318 olim
526 2255 697 2318 obtinuerit
712 2253 762 2336 (da
775 2274 837 2335 quo
852 2256 906 2318 lib.
929 2255 1059 2318 diurnus

125 2350 191 2410 BR.
207 2350 267 2410 PP.
281 2349 336 2410 lib.
351 2354 380 2426 Ε),
396 2367 465 2427 cap.
482 2349 523 2428 l),
542 2348 636 2410 hodie
647 2367 686 2410 ex
696 2348 917 2412 constitutione
932 2348 987 2410 Ea
1009 2348 1059 2412 de-

125 2438 251 2520 ligendis
274 2441 320 2501 Pii
341 2443 393 2518 lv,
419 2441 589 2503 auctoritas
614 2441 791 2512 devolvitur
811 2442 844 2502 in
866 2442 1060 2504 cardinalem

126 2535 348 2610 camerarium,
361 2533 413 2613 qui
428 2534 461 2594 in
482 2533 549 2614 ejus
571 2535 717 2596 exercitio
739 2534 895 2597 assistitur
916 2555 936 2596 a
958 2536 1059 2598 tribus

129 2624 257 2686 decanis
271 2625 467 2705 singulorum
488 2625 635 2688 ordinum
651 2626 744 2707 hujus
764 2627 898 2706 collegii,
913 2645 971 2706 per
992 2631 1061 2688 tur·
1114 2695 1116 2698 ,

128 2735 205 2778 num
217 2718 256 2779 de
268 2717 368 2780 tribus
383 2717 415 2780 in
429 2722 493 2780 tres
514 2719 601 2794 dies3
626 2737 682 2780 seu
705 2719 814 2799 primis
827 2718 927 2780 trihus
948 2719 1059 2783 diebus

126 2810 428 2890 assistituraprimo
451 2812 571 2872 decano
593 2811 712 2873 ordinis
736 2811 968 2892 episcoporum,
983 2813 1059 2876 item

126 2903 385 2982 presbyterorum
399 2923 436 2966 ac
449 2905 665 2982 diaconorum,
682 2907 741 2966 etc.

168 2996 201 3058 Si
217 3015 319 3057 sermo
331 2997 372 3058 sit
386 2995 421 3058 de
427 2997 636 3077 jurisdictione
648 2997 838 3059 ecclesiastico
850 2997 935 3060 circa
945 2998 1059 3061 diocoe-

125 3089 186 3150 sim
213 3107 392 3167 romanam,
415 3090 484 3151 haeo
510 3090 584 3151 licet
608 3107 665 3168 pro
692 3091 838 3170 analogia
871 3095 1059 3154 craterarum

126 3181 306 3243 dioeceseon
331 3183 552 3244 devolveretur
574 3182 606 3242 in
630 3183 691 3246 hoc
711 3183 889 3264 collegium,
913 3183 1006 3244 sicuti
1026 3183 1058 3242 in

124 3273 298 3352 capitulum
316 3293 373 3355 pro
389 3274 509 3336 caeteris
524 3274 724 3352 dioecesibus,
746 3276 841 3337 hodie
864 3279 983 3352 temen,
1000 3293 1059 3353 per

125 3366 355 3428 institutionem
366 3366 533 3429 cardinalis
547 3367 656 3429 vicarii
670 3369 760 3450 quaai
770 3371 878 3430 Romae
894 3366 1055 3444 ordinarii,
1069 3435 1072 3440 ,

125 3460 266 3540 —quod
280 3461 418 3523 officium
433 3463 535 3522 morte
549 3461 708 3523 Pontificis
720 3479 783 3523 non
793 3459 1059 3538 exspirat-haee

122 3551 301 3633 jurisdictio
315 3552 500 3632 episcopalis
518 3571 578 3632 pro
599 3553 727 3615 dioecesi
747 3571 878 3614 romana
899 3553 930 3614 in
952 3552 1059 3634 hujus·
