2542 4122
232 330 291 392 rol
462 334 691 386 monrononrs
711 331 795 380 roms
816 329 971 378 canonici.

232 485 347 566 potest,
363 481 438 546 aede
458 483 690 559 vacanteque
710 475 875 556 episeopus
887 473 919 536 ri
937 470 1173 554 jurisdiotionis

233 577 382 642 sedisne
391 573 573 636 inherentia
585 573 721 651 poterat.
1257 565 1259 570 '

274 669 337 733 Sed
358 668 438 745 heo,
453 667 528 730 lieet
541 663 701 727 ordinaria
719 664 751 726 et
768 679 843 724 vere
855 656 1023 738 pastoralis
1039 654 1173 736 capituli

231 761 419 846 jurisdiotio,
427 758 501 822 sede
511 761 725 834 reuertemur
735 754 847 834 recipit
854 751 930 812 illud
941 750 1075 829 plenum
1084 767 1172 812 exer-

235 857 343 920 citium
358 853 444 934 quod
467 852 563 914 hahet
585 851 662 912 dum
677 849 843 928 episeopus
856 845 935 909 vivit
957 846 990 904 et
1002 843 1172 904 eooleaium

235 967 325 1012 auem
348 944 562 1018 administret3
587 942 643 1004 sed
657 940 734 1003 illud
747 943 871 1008 tantum
891 937 976 1018 quod
996 935 1173 1014 interregni

235 1041 374 1122 postulet
394 1041 508 1100 natura
531 1037 640 1098 :huno
654 1034 738 1098 enim
756 1035 873 1096 statum
895 1029 1037 1094 eeclesiae
1054 1029 1173 1107 eoepi-

235 1134 301 1196 tulo
316 1131 500 1212 gubernatae
516 1131 705 1208 comparant
715 1125 796 1192 seori
818 1142 956 1189 emoneo
974 1122 1170 1202 interregno.

235 1227 308 1290 Jum
330 1242 405 1294 vero
429 1221 600 1302 interregni
615 1222 808 1296 naturaiest,
836 1221 871 1285 ut
885 1235 942 1296 per
959 1234 1051 1292 enm,
1076 1233 1173 1294 penes

238 1336 334 1400 quem
342 1315 524 1395 reipublice
537 1332 662 1378 summe
675 1316 733 1391 eat,
748 1311 826 1377 nillil
839 1312 1097 1386 innovetunuee
1111 1308 1174 1370 ulla

237 1429 276 1472 ex
287 1413 378 1488 parte
390 1408 589 1472 modificatur
600 1404 861 1486 statuesnlijeote
873 1401 1047 1479 societatis,
1064 1402 1124 1464 aad
1138 1420 1174 1462 ea

237 1505 360 1566 tentum
379 1499 586 1582 expediantur
605 1498 732 1578 negotia
756 1516 826 1578 quae
848 1495 1036 1561 ulteriorem
1049 1512 1174 1559 morem

238 1612 302 1659 non
316 1592 437 1670 sinunt3
451 1592 495 1654 illi
508 1595 615 1654 autem
629 1595 743 1657 eaetere
752 1591 953 1654 reserrentur
964 1605 1066 1667 penes
1082 1605 1175 1667 quom

239 1687 373 1767 regendi
399 1685 582 1750 serietatem
607 1683 802 1746 ordinarium
826 1682 883 1765 jue
906 1679 1062 1744 consulit.
1096 1681 1176 1754 Qua-

239 1782 369 1859 propter
380 1777 532 1838 habemus
550 1777 676 1840 titulum
694 1777 727 1838 in
739 1776 811 1858 jure
824 1796 831 1838 :
844 1774 891 1838 Ne
903 1773 968 1838 sede
981 1781 1110 1837 vacuom
1122 1773 1177 1834 oli-

240 1869 315 1954 qnid
328 1870 493 1934 innovetur.

282 1967 454 2044 Propterea
477 1962 624 2043 capituli,
646 1963 721 2026 sedo
744 1964 897 2040 tanente,
918 1960 1103 2042 jurisdictio
1120 1961 1176 2024 hoe

241 2061 367 2124 tenetur
377 2056 562 2121 limitatione
587 2075 595 2118 ε
612 2060 647 2120 ut
664 2075 732 2122 rem
748 2074 831 2122 nouo
855 2055 991 2120 antistiti
1008 2058 1176 2118 conseruet

244 2170 281 2214 eo
295 2152 426 2232 praeoise
436 2150 468 2211 in
483 2153 566 2212 statu
579 2168 670 2230 quoa
684 2149 970 2216 oeoenorareuce
979 2153 1041 2214 eat.

282 2246 363 2310 XIV.
378 2241 1176 2323 Devieoodoropilulori.-Demumnenegoliapluri·

243 2339 303 2398 hus
317 2355 467 2398 eoneesse
480 2335 617 2416 seguino,
634 2335 755 2400 tardius
770 2339 802 2400 et
814 2335 998 2404 difficulties
1007 2336 1176 2414 expedian-

243 2433 306 2505 tur,
321 2429 432 2492 alatuit
449 2428 616 2490 eonoilium
628 2427 860 2507 Tridentium,
876 2447 956 2492 seeo.
971 2432 1012 2490 24
1024 2429 1064 2490 do
1080 2429 1176 2496 retor-
1256 2463 1257 2541 p

244 2519 400 2598 motione,
432 2521 517 2604 quod
539 2521 713 2600 capitulum
732 2522 816 2584 intre
845 2538 902 2586 viu
929 2521 996 2586 dies
1018 2541 1039 2583 a
1068 2521 1176 2586 nolitia

245 2612 355 2676 habita
378 2613 551 2677 venationis
580 2613 720 2676 eeclesiae
749 2615 863 2678 dehent
887 2615 1060 2694 quemdam
1087 2632 1175 2681 sunm

245 2706 385 2786 deligere
396 2705 550 2772 uicarium
563 2723 620 2786 per
629 2725 724 2786 quem
738 2707 821 2768 hano
830 2707 1025 2772 ordinariam
1031 2707 1175 2790 jnriadie
1255 2759 1256 2793 p

244 2798 363 2860 tionem
373 2798 415 2861 ad
429 2817 462 2860 se
474 2799 654 2861 devolutam
667 2803 821 2863 exeroeat.
837 2803 934 2864 Porro
946 2820 1045 2880 quum
1055 2801 1175 2880 eapitu-

244 2889 312 2954 lom
325 2890 442 2954 haheat
449 2891 702 2972 jurisdiotiouem
714 2911 810 2972 quam
821 2893 971 2957 transfert
986 2894 1019 2954 in
1035 2894 1175 2956 oronim

246 2982 449 3063 capitularem,
467 2985 607 3064 sequitur
625 2986 709 3047 huno
727 2986 880 3048 vinarium
899 2987 1080 3066 comparari
1096 2987 1175 3048 vioe-

189 3093 191 3099 ’
246 3075 294 3140 rio
308 3077 449 3156 generali
460 3078 648 3157 sedeplena.
667 3081 883 3158 Repraeaentat
900 3082 1035 3159 uterque
1049 3078 1176 3140 ordina·
1253 3159 1254 3164 ἵ

246 3169 328 3234 riom
346 3168 486 3249 episcopi
496 3169 748 3250 jurisdictionem
761 3172 794 3232 in
805 3172 986 3234 universam
1000 3171 1173 3234 dimoesim.

247 3265 321 3329 Haeo
329 3265 435 3326 tamen
445 3262 547 3324 notari
555 3267 845 3344 possunttenquem
853 3265 1021 3343 praeoipuae
1029 3265 1177 3326 differen-

246 3355 1173 3436 tiaeintergradumviouriigeneralisetnioariioepitulerie:
1252 3381 1253 3390 ¹

287 3446 394 3510 Primo
414 3451 462 3510 eet
482 3448 566 3527 quod
590 3447 766 3528 episeopus,
788 3467 911 3512 summo
927 3450 999 3531 jure
1020 3451 1174 3530 inspeoto,

248 3540 351 3618 potent
372 3539 525 3602 vinarium
546 3539 728 3622 generalem
751 3542 813 3610 silui
838 3561 1005 3610 marmore
1027 3543 1080 3608 vel
1102 3561 1173 3626 non,
