2518 4144
290 427 397 480 locros
420 429 573 480 sanemus
593 429 677 482 rums
704 439 857 488 csuomcr.
1000 427 1038 492 37

101 575 210 655 magis
238 575 413 637 differentia
439 576 585 654 specifica
613 578 718 659 legum
746 585 922 646 nostrarum
950 585 1041 652 inno-

102 673 217 730 tescat.
232 670 358 747 ltaque:

147 763 185 823 ll.
204 765 234 822 1⁰
245 761 299 822 Ec
309 761 421 823 diverso
435 761 563 843 subjecto
576 763 715 847 quodjus
723 765 807 846 dicit,
817 769 965 852 distingui
979 791 1040 836 nnn

102 857 212 933 potest
225 855 277 914 lex
302 855 400 915 civilis
415 855 473 914 nisi
490 873 528 916 ex
550 857 701 920 varietate
714 859 845 942 subjecti
870 864 955 942 quod
973 883 1042 929 suc·

103 948 228 1009 cessive
250 947 281 1006 in
306 947 468 1026 republica
493 948 614 1027 imperii
637 971 793 1014 summam
818 953 974 1020 habuerit.
996 960 1042 1022 lta

102 1040 230 1102 romani
256 1040 470 1119 jurisconsulti
486 1041 719 1122 distinguebant
739 1046 836 1125 leges,
853 1047 885 1108 in
899 1049 984 1130 leges
997 1051 1040 1112 sic

104 1132 341 1203 antonomatice
363 1133 483 1211 dietas,
501 1134 532 1193 iu
555 1135 744 1215 plebiscitas,
770 1139 802 1198 in
825 1147 1041 1206 senatuscon-

103 1227 226 1303 sultos,
244 1226 276 1285 in
299 1226 477 1305 principum
492 1227 605 1306 edicta,
624 1231 728 1308 prouti
751 1236 806 1294 aut
817 1235 969 1314 populus,
986 1243 1041 1300 aut

104 1320 217 1400 plebs,
234 1323 288 1380 aut
303 1323 450 1397 senatus,
468 1325 523 1382 aut
537 1322 683 1402 princeps
705 1326 879 1388 successive
903 1347 971 1390 rem
991 1348 1039 1393 ro-

104 1431 237 1472 manam
250 1412 545 1475 administraverint.

150 1505 387 1566 Distinotionem
419 1509 524 1567 autem
546 1517 595 1568 'ex
627 1509 751 1571 diverso
784 1512 923 1592 subjecto
954 1515 1039 1597 quod

106 1599 1036 1689 eodemtempore,contemporanea,inrepublicajusdioat,

106 1697 262 1771 tanquam
276 1696 451 1752 monstrum
465 1693 610 1773 rejiciunt
622 1694 653 1754 in
668 1715 702 1756 re
717 1715 784 1775 sua,
797 1717 909 1778 nempe
925 1701 956 1762 in
967 1701 1039 1782 jure

107 1785 204 1862 civili,
217 1784 389 1864 jurisperiti
411 1786 544 1848 romani.
569 1789 647 1848 Cum
670 1789 753 1849 enim
771 1790 925 1872 legislatio
948 1793 1040 1855 unius

107 1896 267 1958 supremae
294 1877 487 1940 auctoritatis
515 1879 546 1938 in
575 1880 736 1959 republica
764 1883 804 1944 sit
829 1885 1038 1964 attributum,

108 1989 210 2032 unum
224 1973 329 2030 antem
343 1971 383 2032 sit
396 1971 571 2052 subjectum
592 1973 624 2032 in
647 1975 755 2036 formis
769 1975 868 2037 civilis
880 1977 1041 2057 regiminis

109 2064 197 2146 quod
213 2065 294 2124 banc
317 2082 498 2143 supremam
522 2066 661 2127 obtineat
676 2069 913 2147 auctoritatem,
939 2070 989 2132 vel
1015 2069 1040 2130 si

109 2159 204 2237 plura
217 2157 289 2234 sint,
303 2157 348 2218 ita
359 2157 422 2219 sint
442 2158 611 2220 constituta
626 2161 737 2219 utnon
760 2159 818 2220 nisi
841 2179 878 2220 ex
903 2161 1042 2224 omnium

109 2250 342 2330 conspiratione
369 2251 447 2330 legis
471 2251 655 2314 deliberatio
684 2252 904 2330 constituatur,
934 2253 1043 2316 distin·

108 2363 209 2426 gnere
223 2361 285 2404 non
300 2349 430 2422 possunt
443 2345 535 2423 plura
544 2345 686 2426 subjecta
698 2363 767 2426 quae
781 2345 892 2410 eodem
901 2350 1042 2426 tempore

108 2440 142 2498 in
155 2437 320 2517 republica
330 2438 434 2517 legem
448 2437 559 2500 ferant.
607 2498 610 2502 .

151 2534 269 2593 Contra
283 2535 388 2592 autem
402 2531 516 2592 accidit
538 2531 570 2591 in
580 2531 701 2611 legibus
715 2531 932 2596 ecclesiasticis
948 2553 954 2595 ε
971 2549 1043 2596 eum

102 2623 197 2705 ¹enirn
218 2623 430 2685 substantialis
444 2624 546 2685 forma
559 2625 720 2704 regiminis
732 2645 751 2686 a
766 2625 887 2688 Christo
903 2626 1044 2688 instituta

110 2716 333 2780 indefectibilis
345 2721 536 2796 perseverat,
551 2719 638 2780 nulla
650 2718 782 2798 proponi
803 2722 907 2798 potest
920 2735 1044 2780 succes-

110 2811 171 2888 sio,
189 2829 245 2870 seu
256 2811 379 2887 melina,
396 2809 553 2872 distinctio
564 2810 778 2892 subjectorum
786 2830 856 2892 quae
869 2811 1043 2874 successive

110 2903 143 2964 in
157 2903 299 2966 Ecclesia
312 2903 389 2983 legis
404 2901 576 2964 condendae
590 2908 776 2984 potestatem
789 2905 936 2967 habeant.

151 2999 200 3059 Ex
225 2997 324 3059 altera
340 3015 415 3058 vero
438 3001 526 3076 parte
551 2997 594 3058 ita
615 2997 755 3060 Christus
783 2997 916 3060 instituit
936 3013 1045 3078 supre-

111 3109 200 3152 mam
222 3091 441 3152 auctoritatem
457 3093 492 3150 ut
503 3091 669 3152 contulerit
679 3109 749 3151 eam
760 3091 915 3170 integram
928 3090 1045 3170 duplici

111 3183 268 3264 subjecto,
287 3201 400 3263 nempe
422 3182 538 3262 pastori
560 3184 660 3245 uniet
681 3187 843 3262 pastorum
857 3183 999 3264 collegio,
1015 3187 1046 3244 et

112 3277 290 3340 secundum
312 3276 394 3336 hanc
418 3275 608 3354 primitivam
633 3276 876 3354 inst'tutionem,
907 3276 1047 3337 Ecclesia

113 3371 158 3432 ita
187 3369 407 3431 determinavit
424 3369 501 3430 alios
525 3369 679 3430 inferioris
706 3369 900 3430 auctoritatis
915 3367 1044 3446 gradus,

113 3467 149 3524 ut
173 3482 298 3542 semper
312 3461 416 3544 aliquo
431 3461 526 3524 modo
538 3462 716 3524 verificetur
737 3461 821 3540 quod
840 3459 931 3520 simul
947 3462 979 3519 et
990 3474 1047 3535 per

113 3575 214 3618 unum
237 3559 413 3636 pastorem,
446 3559 477 3619 et
502 3575 558 3636 per
581 3560 743 3635 pastorum
769 3553 935 3638 collegium
961 3549 1050 3640 leges

114 3651 271 3712 feruntur.

100 3807 109 3820 ,
207 3769 269 3818 rou.
286 3774 305 3814 r.
927 3751 944 3810 ³
