2542 4122
385 330 423 372 nn
445 327 574 373 omncro
595 329 677 374 rums
703 330 857 378 ceremon
1033 319 1088 380 191

153 474 221 535 sive
232 490 372 534 summus
380 471 591 551 pontificatus,
600 471 665 532 sive
678 471 834 534 inferioris
844 475 961 536 ordinis
973 476 1090 554 episco-

152 564 381 647 patuS,divinae
397 569 471 625 sunt
484 564 699 641 institutionis
717 566 773 626 sed
789 566 862 627 data
872 569 1088 646 proportione;

153 677 291 738 namque
322 675 464 718 summus
497 657 697 735 pontificatus
726 659 869 720 absolute
898 664 930 721 et
964 663 1090 724 omnino

153 753 269 814 divinae
291 754 339 812 est
352 750 566 811 institutionis.
584 751 656 812 Fuit
671 751 776 812 divino
793 751 865 832 jure
881 753 1091 834 undequaque

153 844 383 907 determinatus
403 861 439 904 eo
457 843 524 921 ipso
542 844 626 922 quod
645 843 823 918 institutus;
844 864 907 906 uon
920 850 1026 908 autem
1047 848 1091 909 sic

155 940 195 1000 dc
210 939 404 1017 episcopatu.
423 939 518 1012 Nam,
532 935 605 997 licet
619 937 888 999 fundamentalem
902 957 993 999 suam
1004 940 1092 1002 insti-

153 1033 309 1094 tutionem
326 1033 450 1108 repetat
461 1047 499 1088 ex
513 1029 584 1109 jure
598 1030 715 1106 divino,
734 1048 824 1091 suam
844 1035 949 1092 tamen
963 1049 1092 1094 concre-

153 1115 221 1187 tam
236 1123 531 1184 determinationem
544 1122 656 1201 recipit
670 1142 708 1183 ex
718 1121 791 1202 jure
805 1125 1027 1187 ecclesiastico.

196 1217 258 1280 Sed
273 1219 422 1295 uterque,
432 1216 513 1277 facta
529 1215 589 1276 hac
604 1216 737 1293 simplici
758 1216 934 1278 differentia
954 1219 1091 1299 dataque

155 1310 372 1390 proportione,
390 1311 437 1370 est
462 1309 580 1387 gradus
605 1307 771 1370 ordinariae
796 1311 1000 1372 auctoritatis.
1017 1315 1091 1373 Haec

155 1401 317 1465 ordinaria
332 1401 514 1478 auctoritas
528 1401 643 1480 quippe
657 1419 726 1480 quae
743 1402 832 1463 estin
844 1405 1089 1483 presumptione

153 1497 221 1572 sui,
243 1497 304 1556 hoo
328 1494 482 1572 principio
507 1494 649 1572 procedit
666 1514 672 1554 :
690 1493 741 1554 Ec
764 1495 861 1556 omnio
880 1505 1003 1576 possunt
1025 1516 1091 1578 quoe

146 1589 221 1670 jore
237 1588 384 1668 superiori
397 1607 454 1646 non
464 1585 671 1667 prohibentor.

196 1685 262 1742 Hoc
285 1680 429 1758 superius
444 1679 496 1759 jus
514 1697 571 1758 pro
590 1681 731 1740 Romano
751 1679 901 1742 Pontifioe
923 1683 1024 1742 solum
1043 1687 1091 1744 est

153 1775 207 1855 jus
222 1774 381 1846 divinum;
403 1791 477 1832 nam
492 1772 581 1833 alteri
596 1772 774 1834 auctoritati
789 1773 942 1836 inordina
957 1794 1014 1837 suo
1027 1794 1090 1837 non

155 1867 312 1930 subditur.
335 1868 395 1926 Pro
421 1865 567 1944 episcopo
590 1869 695 1926 autem
719 1884 782 1927 non
805 1869 925 1928 tautum
949 1868 1090 1928 divinum

153 1962 206 2042 jus
228 1963 292 2036 est,
310 1959 366 2019 sed
391 1958 485 2019 etiam
505 1951 557 2038 jus
579 1958 703 2037 quoda
725 1958 878 2036 superiori
903 1959 1089 2021 auctoritate

158 2051 369 2114 ecclesiastica
384 2051 535 2112 dimanat.
551 2053 635 2129 Ergo
648 2069 686 2109 eo
701 2069 800 2129 usque
815 2055 918 2128 potest
932 2055 1091 2112 Romanus

158 2145 302 2208 Pontifex
324 2145 357 2204 in
380 2144 549 2204 universali
574 2142 714 2203 Ecclesia
743 2161 906 2221 quousque
932 2144 976 2202 illi
1001 2143 1091 2204 limes

158 2258 221 2300 non
238 2239 471 2298 demonstretur
488 2236 649 2315 appositus
665 2254 703 2295 ex
713 2235 784 2314 jure
800 2234 921 2307 divino;
940 2253 977 2296 eo
991 2254 1091 2316 nsque

158 2334 262 2410 potest
288 2330 453 2408 episcopus
478 2329 509 2388 in
533 2348 591 2388 sua
619 2327 746 2389 dioecesi
771 2345 934 2407 quousque
955 2346 1018 2390 non
1040 2329 1091 2390 de·

157 2426 350 2484 monstretur
369 2423 460 2482 limes
480 2421 507 2482 ei
528 2421 690 2500 appositus
707 2420 802 2481 fuisse
817 2421 866 2482 vel
880 2420 952 2502 jure
967 2421 1088 2498 divino,

158 2517 208 2576 vel
219 2515 291 2596 jure
306 2515 444 2575 humano
461 2515 683 2575 ecclesiastico.
959 2519 962 2524 '

198 2613 231 2669 2⁰
246 2611 384 2687 Uterque
400 2608 452 2667 hic
468 2607 662 2668 auctoritatis
680 2607 798 2686 gradm
815 2610 862 2668 est
875 2607 992 2685 gradus
1008 2606 1092 2666 ordi-

159 2702 255 2762 naria
277 2699 521 2780 jurisdictionis,
545 2699 577 2758 in
603 2702 755 2778 quantum
779 2699 910 2778 dejure
934 2699 1091 2759 communi

159 2795 300 2856 adhaeret
321 2793 422 2853 officio
448 2793 498 2852 vel
524 2792 724 2870 pontificatus
745 2791 873 2852 maximi
895 2792 944 2852 vel
971 2791 1092 2871 episeo-

158 2891 250 2966 patus
268 2885 448 2946 dioecesani.
466 2887 642 2964 Eapropter
661 2885 711 2946 vel
731 2884 896 2947 collatione
916 2886 1024 2963 officii,
1041 2887 1091 2946 vel

159 2979 332 3041 cessatione
361 2977 521 3058 ejusdem,
549 2977 725 3058 jurisdictio
755 2978 824 3057 ipsa
842 2978 891 3039 vel
919 2979 1092 3058 acquiritur

160 3073 209 3134 vel
225 3071 388 3134 omittitur.

203 3169 234 3226 3⁰
256 3168 395 3244 Uterque
415 3163 466 3224 hio
486 3163 681 3225 auctoritatis
700 3165 818 3243 gradus
837 3169 884 3228 est
905 3166 1022 3245 gradus
1041 3183 1092 3224 or-

161 3258 290 3318 dinariae
314 3256 556 3337 jurisdictionis,
579 3257 674 3318 etiam
702 3258 760 3319 sub
788 3263 932 3338 respectu
958 3257 1091 3318 auctori-

159 3351 231 3412 tatis
246 3369 329 3412 veree
344 3355 375 3412 et
389 3349 541 3430 propriae,
559 3351 724 3429 pastoralis
744 3371 871 3432 nempe,
887 3349 1028 3411 rectoria
1041 3350 1091 3409 vel

161 3443 402 3522 gubernatoriae.
430 3445 509 3504 Nam
541 3444 606 3505 sive
637 3461 777 3504 summus
807 3443 1005 3522 pontificatus
1033 3461 1090 3522 pro

161 3536 308 3596 universa
331 3536 487 3612 Ecclesia,
505 3536 569 3597 sive
594 3536 790 3614 dioecesanus
815 3535 1011 3614 episcopatus
1035 3553 1091 3614 pro
