2518 4144
210 369 255 458 38:
421 383 651 434 insrnononns
672 381 754 431 tons
776 380 930 430 cononici.

250 529 326 592 Inde
347 533 394 591 est
417 530 501 610 quod
525 529 574 608 ius
596 533 738 590 nostrum
760 531 910 608 agnoscat
933 523 1147 587 differentiam

211 623 342 704 subjecti
364 623 448 702 quod
473 623 585 682 eodem
608 627 749 700 tempore
768 621 820 700 jus
840 620 915 680 dicit
935 621 968 680 in
989 619 1143 680 Ecclesia.

210 719 317 796 ltaque
344 715 545 793 distinguitur
562 714 614 794 jus
639 715 722 775 Eccl.
749 714 781 774 in
806 712 920 773 decreta
947 713 1146 792 singulorum

209 814 371 888 pastorum
389 809 440 869 vel
463 807 495 866 in
517 826 636 866 conones
651 806 873 867 conciliorum:
902 806 955 866 illa
975 824 994 864 a
1013 805 1146 883 singulis

210 902 386 982 pastoribus
414 902 567 976 feruntur,
592 900 624 959 hi
649 919 724 960 vero
753 899 892 960 unanimi
918 898 1145 960 deliberatione

211 995 331 1058 collatis
346 993 481 1056 consiliis
492 1013 512 1054 a
526 993 663 1072 collegiis
677 997 839 1072 pastorum
852 992 1042 1054 conduntur.

250 1091 415 1148 Pastorum
430 1090 537 1147 autem
551 1090 617 1147 tarn
636 1086 831 1164 singulorum
850 1103 945 1164 quam
964 1084 1145 1163 collegiatu-

211 1199 281 1242 rum
292 1181 396 1258 plures
411 1180 528 1258 gradus
542 1182 623 1240 sunt.
641 1182 721 1239 Nam
732 1179 822 1239 adest
831 1185 936 1258 postor
955 1177 1146 1236 oecumenicus

211 1291 266 1334 seu
281 1277 568 1352 pastorpastorum‚
585 1272 637 1350 qui
651 1274 809 1332 Romanus
822 1271 964 1331 Pontifex
979 1273 1041 1343 est3
1057 1271 1146 1330 adest

212 1367 324 1446 loqutus
338 1366 510 1446 apostolicos
525 1365 577 1444 qui
595 1364 757 1443 speciatim
769 1367 946 1424 Romanum
960 1363 1145 1424 Pontificem

212 1463 440 1538 repraesentans
453 1459 485 1517 in
498 1477 556 1518 sua
570 1458 742 1536 provincia,
760 1457 952 1535 pastoralem
966 1455 998 1514 in
1016 1475 1055 1516 ea
1067 1459 1146 1517 Pon-

212 1551 304 1614 tificis
331 1552 457 1613 nomine
482 1556 608 1612 exercet
629 1550 859 1612 auctoritatem.
881 1550 1005 1611 Adsunt
1032 1549 1146 1629 singuli

212 1637 353 1724 pastores
369 1665 424 1706 seu
438 1645 566 1724 episcopt
579 1644 709 1722 singulis
725 1643 863 1704 ecclesiis
878 1643 1052 1722 praepositi.

252 1736 387 1798 Proinde
402 1756 440 1796 ex
450 1738 510 1797 hac
522 1741 610 1816 parte
624 1737 750 1798 decreta
762 1739 925 1815 pastorum
939 1741 1073 1814 possunt
1087 1736 1147 1798 dis-

213 1829 333 1908 tingui:

254 1925 284 1982 1⁰
305 1922 340 1981 In
366 1921 601 1984 constitutiones
625 1921 822 2002 apostolicas,
853 1941 909 1983 seu
931 1924 1147 1985 Romanorum

213 2013 415 2088 Pontificum3

252 2111 284 2169 2⁰
305 2109 339 2170 ln
353 2110 470 2169 statuta
483 2108 658 2188 legatorum
670 2108 927 2186 apostolicorum;

228 2197 284 2264 '3⁰
305 2203 339 2262 ln
368 2202 495 2263 decreta
523 2201 718 2280 singulorum
746 2201 964 2281 episcoporum
992 2201 1145 2264 dioecesa-

213 2312 336 2362 norum.

252 2389 298 2446 Ex
325 2386 424 2444 altera
444 2388 545 2463 parte,
573 2405 686 2465 nempe
710 2387 924 2468 collegiorum,
953 2387 1051 2448 iidem
1075 2393 1146 2450 sunt

213 2478 330 2558 gradus
343 2477 546 2538 auctoritatis.
559 2479 657 2539 Adest
672 2479 755 2539 enim
773 2501 779 2540 :

254 2573 284 2631 1⁰
305 2570 478 2650 Collegium
497 2572 734 2648 oecumenicum,
751 2591 806 2632 seu
821 2573 987 2634 concilium
997 2575 1144 2652 generale

214 2661 353 2725 omnium
379 2663 525 2724 Ecclesia
545 2668 706 2743 pastorum
736 2684 808 2726 oum
830 2669 969 2728 Romano
994 2669 1144 2729 Pontifice

213 2756 469 2836 conjunctorum3
610 2743 613 2750 ⁴

252 2853 286 2908 2⁰
308 2849 480 2927 Collegium
508 2850 710 2928 provinciale,
734 2871 788 2912 seu
811 2853 976 2914 concilium
1003 2855 1144 2914 omniurn

212 2945 374 3019 pastorum
393 2943 561 3019 provinciae
582 2944 622 3003 ab
642 2943 782 3023 ejusdem
802 2946 970 3023 provincia
986 2950 1143 3026 metropo-

212 3031 308 3094 litano
324 3038 602 3113 congregatorum

252 3128 283 3186 3⁰
305 3127 477 3205 Collegium
501 3127 640 3187 omnium
659 3127 783 3188 illorum
811 3131 1009 3192 sacerdotum
1035 3133 1088 3212 qui
1112 3133 1142 3192 in

213 3215 340 3279 dioecesi
360 3219 417 3278 suh
438 3218 583 3298 episcopo
610 3239 718 3280 curam
741 3221 919 3283 animarum
933 3224 1063 3302 habent,
1089 3245 1142 3286 seu

213 3311 380 3390 collegium
393 3316 555 3388 pastorum
566 3311 826 3376 dioecesanorum.

252 3402 341 3466 Unde
370 3421 407 3462 ex
431 3403 530 3465 altera
551 3407 639 3482 parte
659 3403 711 3484 jus
741 3407 926 3468 canonicum
954 3412 1058 3486 potest
1084 3411 1142 3471 dis-

213 3495 340 3574 tingui:

254 3590 286 3657 1⁰
306 3589 342 3648 ln
357 3587 482 3650 decreta
497 3587 699 3650 conciliorum
715 3592 997 3668 oeoumenioorum3
