2540 4132
339 393 448 442 merce
469 397 623 446 srocrams
643 399 726 447 roms
748 401 902 452 ιιιιοιιιιι.
1028 391 1086 457 itt

146 511 234 592 jecta
252 514 335 589 sont,
362 513 447 576 valet
469 517 621 597 tanquam
645 521 806 600 exemplar
820 521 985 601 eujusdam
1004 523 1084 606 legio

149 605 390 684 imperfectioris
400 625 462 687 quo
473 609 610 674 debeant
619 612 780 676 christiani
795 614 948 695 maj0rem
961 616 1002 678 cd
1012 635 1082 696 per

149 697 317 760 sectionem
331 702 508 778 provocari.
523 704 613 766 Unde
628 724 667 766 ex
687 705 741 769 illo
760 710 913 787 tanquam
927 727 948 770 a
968 709 1080 773 minori

150 790 191 852 ad
200 789 305 869 majus
318 809 485 870 possumus
500 801 686 874 argrmenta
699 817 835 863 sumere.

143 956 154 1008 S
168 959 195 1000 ΙΙ.
210 967 241 1000 D}
254 967 318 1000 ΠΜ
332 968 434 1002 mmm
447 969 573 1012 quarunt
586 971 628 1004 m·
636 971 694 1004 101!
703 971 935 1005 ΙΠΙΙΡΙΙΤΔΉΟΙΙΙ
947 972 1080 1009 mmo!-

187 1095 253 1156 Vll.
276 1096 333 1157 lus
346 1096 521 1158 humanum
530 1099 646 1178 duplex
656 1098 780 1176 dicitur,
795 1117 909 1179 nempe
917 1104 973 1164 aut
981 1101 1079 1164 eccle-

146 1187 319 1266 erastinum,
337 1193 392 1251 aot
406 1189 507 1253 civile.
520 1193 696 1271 Utrumque
709 1195 812 1270 potest
826 1211 893 1254 esse
903 1193 973 1254 fons
987 1211 1079 1256 cano·

147 1279 226 1342 nicee
240 1280 517 1362 interpretationis,

186 1372 235 1434 Ad
242 1373 295 1454 jus
306 1375 550 1437 ecclesiasticum
563 1377 648 1456 quod
657 1380 787 1456 spectat,
803 1380 1006 1459 exearegula
1016 1397 1078 1461 qua

147 1465 329 1527 dicebamus
342 1467 528 1546 legislatoris
542 1470 735 1532 voluntatem
750 1475 945 1533 constantem
957 1491 994 1534 ac
1008 1491 1078 1553 per-

146 1561 275 1637 petuam
282 1561 440 1638 proesumi,
453 1562 654 1642 consequitur
666 1563 751 1642 quod
760 1562 847 1642 leges
860 1565 1076 1628 ecclesiasticae

146 1651 338 1731 antiquiores
352 1654 577 1716 recentioribus
591 1654 695 1716 lucem
707 1655 882 1734 praebeant3
900 1675 957 1736 per
967 1676 1077 1720 reeen-

145 1743 241 1816 tiores
253 1764 329 1808 vcro
342 1747 478 1827 antiquae
488 1746 692 1826 legislationis
706 1748 827 1822 semina
837 1750 1034 1814 evolvuntur.

186 1838 235 1899 Ad
254 1837 307 1918 jus
332 1839 421 1900 civile
444 1843 550 1902 autem
572 1841 657 1921 quod
679 1845 809 1922 spectat,
838 1841 912 1904 licet
936 1843 1012 1904 illud
1023 1842 1076 1922 jus

145 1931 266 1991 nullum
287 1951 431 1993 exercere
446 1933 544 2013 possit
559 1931 712 1994 directum
726 1934 878 1995 inlluxum
899 1935 931 1996 in
948 1935 1076 1998 canoni-

145 2042 216 2085 cam
225 2023 516 2104 jurisprudentiam,
533 2029 727 2088 tamencum
738 2030 908 2107 utrumque
917 2027 969 2107 jus
985 2045 1075 2108 arque

139 2116 262 2197 justum
276 2117 316 2178 ab
336 2117 505 2197 interprete
526 2121 746 2198 presumatur,
762 2122 931 2197 propterea
945 2137 1075 2180 concors

142 2210 349 2289 supponitur:
364 2210 485 2291 justitia
499 2211 583 2272 enirn
594 2210 723 2291 justitiae
738 2229 801 2272 non
816 2213 918 2289 potest
933 2229 1000 2270 esse
1020 2227 1077 2290 op-

142 2303 264 2383 posita3
290 2303 373 2364 unde
389 2307 420 2365 et
430 2304 483 2385 jus
507 2303 598 2366 civile
612 2305 715 2365 locum
734 2305 872 2384 praestat,
889 2303 963 2365 licet
976 2301 1075 2366 subsi-

142 2395 289 2474 diarium,
312 2398 395 2458 unde
410 2417 516 2460 sacros
540 2397 686 2458 Ecclesiae
701 2415 838 2458 canones
851 2397 1073 2480 intelligamus.

183 2488 273 2562 Quod
293 2494 399 2552 autem
414 2491 529 2554 dicitur
544 2490 583 2550 de
602 2489 673 2570 jure
689 2489 770 2551 civili
790 2489 822 2551 in
836 2509 963 2570 genere,
979 2490 1076 2571 potis-

141 2582 256 2644 simum
271 2583 332 2644 dici
344 2584 437 2647 dehet
450 2585 489 2646 de
499 2585 570 2665 J'ure
585 2602 727 2646 romano.
744 2585 823 2644 Nam
833 2583 1013 2663 hujusmodi
1023 2583 1075 2663 J'us

139 2694 203 2738 non
219 2677 321 2738 solum
336 2678 376 2739 oh
389 2678 578 2740 eminentem
590 2677 719 2758 justitiae
734 2675 862 2736 leudem
874 2676 914 2736 ab
929 2675 1075 2737 omnibus

139 2769 288 2850 gentibus
309 2771 406 2851 recipi
420 2771 546 2848 meruit,
566 2771 611 2832 ita
624 2773 660 2832 ιιι
679 2768 849 2831 haberetur
862 2771 1009 2850 tanquam
1021 2768 1074 2850 jus

140 2863 231 2924 civile
246 2865 493 2926 antonomastice
508 2863 637 2941 dictum,
654 2882 710 2924 seu
720 2879 778 2941 per
790 2861 1001 2940 accedentiam,
1015 2861 1070 2924 sed

139 2956 235 3018 etiam
249 2960 370 3018 tantam
391 2957 540 3036 adeptum
555 2959 602 3018 est
614 2955 798 3017 affinitatem
811 2973 883 3016 cum
889 2954 961 3035 jure
975 2972 1071 3017 cano-

139 3049 221 3127 nico,
238 3053 275 3112 ut
293 3067 377 3129 saepe
396 3050 519 3112 accidat
530 3067 627 3111 unam
646 3049 746 3110 altera
761 3047 990 3128 legislationem
1001 3047 1071 3110 imi·

139 3143 209 3220 tari,
220 3161 318 3205 unam
332 3144 431 3206 altera
444 3143 599 3224 adjuvari.

178 3239 259 3298 Nam
274 3255 347 3298 eum
365 3237 505 3298 Ecclesia
519 3239 594 3298 nata
618 3239 650 3297 et
668 3235 776 3296 adulta
798 3233 838 3294 sit
861 3233 919 3294 sub
940 3231 1071 3312 imperio

138 3348 282 3408 romano,
300 3329 410 3411 etjam
424 3349 443 3392 a
464 3330 578 3392 saeculo
594 3330 649 3392 XII
660 3327 910 3410 jurisprudentia
921 3321 1073 3387 canonica

137 3424 220 3486 tradi
234 3423 434 3486 consueverit
444 3423 536 3485 simul
544 3441 616 3484 oum
623 3420 873 3504 Junsprudentre
880 3433 1022 3492 romana
1030 3415 1074 3476 nil

137 3517 260 3578 facilius
276 3517 412 3579 obtinuit
434 3535 530 3597 quam
548 3519 583 3579 ut
598 3515 755 3578 nonnulla
767 3514 856 3592 leges
870 3509 976 3571 civiles
989 3526 1008 3568 a
1022 3525 1074 3570 ro·

138 3626 232 3673 mano
249 3609 322 3691 J'ure
336 3611 368 3672 in
384 3610 508 3674 codices
521 3608 747 3672 ecclesiasticos
759 3603 1013 3668 transferrentur.
1025 3603 1088 3664 llx

935 3718 965 3773 „t
