2540 4132
194 357 253 423 tit
402 363 632 418 armonem
651 364 735 414 rcus
755 363 910 416 cunum.

195 528 278 588 mm,
292 507 412 578 mrum
434 481 574 572 numina
596 507 778 572 oncrum
798 509 911 586 poca
931 508 969 573 ct
992 511 1029 570 ut
1056 508 1128 570 um
1263 481 1264 488 ‘

195 603 329 670 societas
349 600 498 678 visibilia,
525 618 594 681 quae
611 599 723 662 mediis
744 601 786 662 ad
804 618 895 662 suam
915 602 1130 670 consensor>

195 714 269 763 nem
287 693 469 764 necessariis
489 693 642 756 instructa
653 710 721 754 esse
733 692 839 769 debet,
859 693 956 754 etiam
976 693 1129 757 facultate

196 788 330 870 praedite
359 787 399 850 sit
430 784 666 864 redintegrandi
704 785 848 848 ordinem
874 785 1127 864 perturbatum:

197 882 389 963 quopropter
402 878 505 941 solent
523 877 692 940 canonista
708 877 832 940 duabus
848 878 1013 940 recensitis
1028 879 1131 956 perti-

195 973 256 1036 nus
271 971 396 1035 tertiam
413 971 598 1032 subnectere
620 985 690 1048 quae
709 968 745 1028 de
755 968 882 1048 judicias
895 969 1047 1048 menuae
1065 971 1131 1033 Sati
1266 1041 1267 1080 ἶ

197 1065 237 1128 de
254 1064 315 1127 hac
328 1069 417 1144 parta
431 1063 464 1123 in
479 1061 668 1124 tractatione
687 1061 823 1142 speciale
840 1068 965 1124 tantum
983 1081 1127 1142 agemus.

489 1255 649 1328 SEOTIO
672 1255 832 1328 PRIMA.

307 1456 355 1509 DE
377 1453 488 1509 S'l'ffli
510 1451 747 1506 PERSONARUM
769 1453 807 1504 IN
830 1452 1017 1510 nemesin.

236 1619 288 1688 111.
311 1617 385 1684 uris
404 1620 478 1686 eunt
497 1615 652 1678 elementa
666 1631 736 1696 que
750 1617 866 1698 statum
883 1634 940 1682 seu
961 1635 1133 1696 perseum

196 1709 357 1776 christiani
366 1708 500 1771 hominis
513 1707 722 1770 determinant
729 1707 802 1788 jure
813 1709 1038 1786 ecclesiastica,
1051 1709 1134 1780 sieut
1268 1721 1269 1768 i

197 1801 259 1867 tria
279 1801 353 1864 sunt
370 1797 496 1860 nucula
516 1803 645 1862 externa
662 1799 775 1880 quihus
794 1801 928 1866 societas
944 1800 1132 1870 christiane-

197 1911 269 1958 rum
283 1891 448 1972 colligatur
462 1911 468 1953 :
482 1893 513 1954 1⁰
527 1892 711 1954 eorumdem
724 1896 995 1958 sacramentorum
1003 1912 1133 1961 conaer-
1268 1879 1269 1892 ¹

197 1986 287 2064 tium,
305 1989 338 2050 2⁰
350 1983 492 2066 ejusdcm
507 1984 580 2046 ndei
599 1985 762 2064 professio,
779 1989 810 2048 3⁰
825 1985 969 2066 ejusdem
983 1987 1132 2051 fratem

199 2077 374 2146 dilectionis
391 2077 580 2154 communio,
595 2077 684 2158 cujus
698 2077 729 2138 vi
744 2077 904 2165 christiani
921 2097 1032 2142 omnes
1045 2080 1135 2146 velut

198 2191 295 2237 unam
322 2169 435 2236 Christi
459 2168 610 2232 familiam
635 2170 667 2230 in
692 2170 785 2232 terris
811 2170 1016 2234 constituunt.
1045 2173 1131 2252 Ergo

200 2282 363 2347 quousque
378 2263 445 2326 hec
460 2261 521 2326 tria
534 2261 661 2324 unitatis
673 2260 799 2324 vincula
812 2279 876 2324 non
890 2262 1060 2340 habentur,
1077 2270 1134 2328 aut

199 2357 267 2422 hec
287 2355 348 2420 tria
374 2354 601 2420 communionis
624 2354 779 2418 elementa
801 2373 864 2416 non
889 2360 1131 2434 conservantur,

200 2448 332 2529 quisque
349 2452 384 2510 ut
397 2448 585 2510 christianus
598 2447 714 2528 injure
731 2448 881 2510 canonico
901 2467 965 2511 non
982 2449 1131 2527 hebmur,

198 2539 224 2604 si
239 2557 337 2605 unum
354 2539 554 2602 nutritorum
568 2540 707 2604 amiserit
720 2541 950 2620 tantummodo,
960 2560 1133 2621 personam

199 2633 309 2700 habuit
324 2632 483 2698 christiani
500 2632 650 2711 hominis,
672 2633 728 2694 sed
742 2634 828 2696 uelut
841 2635 944 2714 capite
957 2634 1133 2704 diminutus

198 2745 366 2808 personam
378 2725 511 2806 amplius
523 2743 586 2788 non
601 2725 718 2788 habere
729 2727 801 2808 jure
811 2731 918 2789 nostro
929 2732 1089 2792 censetur.

238 2820 273 2882 ln
287 2819 387 2897 primo
402 2837 478 2880 casu
496 2820 569 2882 sunt
588 2817 719 2900 infideles
741 2819 918 2900 omnesqui
937 2820 970 2882 in
990 2821 1078 2887 nullo
1094 2839 1133 2882 ex

198 2910 248 2974 his
260 2911 421 2974 elementis
431 2911 673 2974 communicant.
689 2913 768 2975 Sunt
781 2915 812 2974 et
821 2912 930 2974 fideles
939 2912 999 2992 ipsi
1013 2913 1080 2993 qui,
1094 2913 1133 2977 li-

198 3007 249 3066 cet
259 3001 476 3068 Christifldem
490 3004 522 3066 in
535 3004 630 3068 corde
641 3005 829 3085 concipient,
840 3024 894 3066 ore
906 3007 1129 3085 profiteantur,

198 3095 1130 3177 tumquiabaptismanondumacceperuut‚nchinchristia-

198 3195 272 3255 nam
284 3189 466 3254 societatem
481 3189 591 3253 adsciti
606 3194 689 3268 suut,
708 3191 764 3254 aad
778 3191 882 3254 adhuc
901 3192 984 3254 inter
997 3190 1132 3254 carecto·

197 3303 293 3348 mecca
304 3287 477 3348 ramanent.
495 3282 533 3346 Hi
548 3300 657 3346 omnes
675 3302 738 3348 non
762 3286 835 3347 sunt
850 3301 993 3364 persona
1008 3283 1042 3354 in
1057 3283 1131 3364 jure

198 3376 419 3442 ecclesiastico.

237 3471 287 3534 Ad
300 3471 432 3534 alteram
451 3469 643 3548 categoriam
662 3473 803 3549 spectant
824 3469 958 3536 heretici
974 3469 1028 3550 qui
1054 3469 1128 3536 fidoi

198 3561 439 3638 professionem,
460 3559 639 3624 mtarnctiei
660 3562 713 3642 qui
738 3561 898 3626 charitatis
917 3561 1126 3638 consortium,
