2502 4130
342 345 401 391 -ou
423 345 552 394 oniaero
572 345 656 395 sons
678 347 833 397 annornm
1004 337 1061 404 ml

133 488 259 552 servitio
276 489 492 554 addicebatur.
507 494 678 572 Propterea
697 513 734 556 eo
754 495 821 575 ipso
834 497 919 576 quod
933 497 1063 564 clericus

133 582 164 644 vi
178 600 242 644 suae
257 583 463 646 ordinationis
483 585 576 648 alicui
596 587 735 650 ecclesiae
756 588 984 668 intitulabatur,
1007 610 1064 672 per

133 679 327 756 consequens
350 677 550 757 obligabatur
571 681 612 741 ad
631 679 811 761 hujusmodi
833 682 974 744 divinum
996 685 1065 746 offl-

130 768 215 830 cium
225 787 283 847 pro
297 769 400 852 gradu
412 769 471 832 sibi
487 772 675 852 competenti
691 773 946 852 persolvendum.

173 861 301 934 Quodsi
317 880 355 922 ex
367 863 473 943 aliqua
485 864 720 928 circumstantia
736 867 776 928 ab
797 866 977 948 hujusmodi
998 885 1064 932 ser-

132 952 208 1014 vitio
220 953 358 1014 ecclesiae
374 957 592 1034 excusabatur,
609 975 666 1036 per
681 975 875 1039 consequens
893 959 1018 1022 videtur
1032 963 1064 1024 et

133 1046 175 1108 ab
195 1047 298 1108 olfioio
322 1048 529 1125 persolvendo
553 1054 718 1112 excusatus
738 1050 843 1114 luisse.
866 1051 987 1132 Quippe
1000 1071 1064 1116 non

132 1138 368 1217 concipiebatur
378 1143 638 1221 tanquamoratio
653 1143 854 1223 singulariter
863 1148 895 1207 et
904 1145 1061 1224 privatim,

131 1233 189 1293 sed
207 1231 415 1293 communiter
429 1236 460 1295 et
478 1233 603 1312 publice
617 1235 649 1295 in
664 1235 760 1298 choro
776 1237 816 1298 ab
832 1237 977 1299 omnibus
991 1255 1064 1318 per-

130 1323 293 1386 solvenda.
310 1325 441 1387 Accedit
458 1329 542 1406 quod
562 1345 625 1390 non
641 1328 752 1391 ederat
772 1329 853 1392 liber
873 1329 987 1412 aliquis
1010 1331 1063 1396 de·

129 1415 317 1478 terminatus
338 1417 371 1478 in
395 1437 457 1498 quo
485 1420 623 1482 officium
647 1421 865 1500 quotidianum
890 1439 929 1484 ex
953 1422 1063 1484 ordine

129 1509 329 1572 recitandum
355 1511 596 1590 describeretur,
618 1531 713 1594 quam
737 1514 854 1577 librum
877 1533 986 1577 omnes
1008 1533 1064 1596 po·

97 1648 102 1656 s
130 1603 265 1666 tuissent
288 1602 349 1664 sibi
369 1604 545 1682 providere,
562 1605 617 1666 sed
640 1605 782 1684 pluribus
802 1606 889 1668 libris
911 1607 1063 1670 distinctis

130 1695 237 1758 clerici
266 1696 436 1758 utebantur
460 1697 492 1756 in
520 1697 640 1760 choro:
662 1699 818 1778 psalteriis
841 1717 898 1780 pro
921 1699 1061 1780 psalmis,

129 1787 305 1867 hymnariis
327 1807 384 1868 pro
403 1789 539 1868 hymnis,
560 1790 787 1869 antiphonariis
798 1809 856 1870 pro
870 1791 1061 1873 antiphonis,

129 1880 229 1942 sacris
244 1881 349 1942 bibliis
363 1883 413 1942 vel
425 1881 610 1943 homiliariis
624 1901 682 1961 pro
707 1883 904 1945 lectionibus.
921 1886 985 1945 Nec
1006 1882 1064 1944 ad-

128 1977 200 2035 erat
213 1978 364 2052 punctum
380 1975 620 2036 determinatum
636 1991 698 2054 quo
712 1975 805 2036 lectio
823 1974 905 2034 liniri
920 1975 1060 2052 deberet,

128 2066 188 2128 sed
200 2067 241 2126 ad
253 2069 364 2128 nutum
378 2067 511 2146 praelati,
523 2085 637 2144 nempe
648 2066 794 2127 antistitis
805 2066 893 2128 chori
907 2066 1061 2146 praelecti,

130 2159 355 2238 imponebatur
372 2159 481 2220 lectori
502 2177 559 2238 per
579 2159 677 2220 verba
699 2166 731 2218 tn
743 2166 851 2236 antem,
869 2159 982 2239 quibus
996 2157 1063 2238 ipse
1111 2229 1112 2232 Ἴ

129 2251 232 2312 lector
243 2251 424 2331 adjiciebat:
438 2251 571 2328 Domine,
582 2251 718 2312 miserere
726 2250 817 2329 nobes,
830 2250 926 2313 choro
934 2268 1062 2330 reapon-

130 2343 227 2405 dente
239 2343 301 2404 Deo
312 2346 435 2423 gratias.

173 2438 210 2499 V.
235 2437 297 2498 Sed
311 2437 425 2498 soeculo
441 2438 496 2498 Xll
515 2437 620 2498 recedi
635 2437 730 2518 eoepit
749 2437 788 2498 ab
809 2435 870 2500 ista
884 2435 1059 2516 disciplina.

130 2529 253 2609 Quippe
269 2530 418 2592 ordinarii
434 2534 598 2610 coeperunt
612 2531 741 2592 clericos
757 2529 903 2591 ordinare
917 2531 1062 2608 respectu

129 2623 240 2684 habito
263 2622 303 2682 ad
322 2622 484 2684 servitium
502 2623 637 2702 speciale
651 2623 683 2682 in
696 2621 802 2703 aliqua
814 2619 946 2682 ecclesia
959 2621 1063 2682 deter-

129 2714 251 2776 minata
265 2716 490 2799 praestandum,
508 2735 563 2776 seu
578 2718 613 2776 ut
627 2713 757 2776 clericus
772 2713 817 2774 sic
829 2712 991 2774 ordinatus
1004 2729 1062 2792 pro

129 2808 282 2870 mandato
308 2807 445 2887 episcopi
466 2807 604 2869 eeclesia
624 2805 848 2886 opportunitati
862 2805 912 2866 vel
928 2804 1064 2874 necessi-

100 2922 102 2926 ·
129 2901 188 2964 teti
210 2899 391 2962 deserviret.
406 2901 497 2963 Unde
518 2899 667 2978 obligatio
681 2899 736 2960 illa
750 2895 845 2960 divini
864 2897 1062 2978 persolvendi

132 2993 227 3056 officii
243 2993 371 3074 propria
385 3012 453 3054 esse
467 2993 563 3073 eoepit
585 2993 710 3054 illorum
733 2990 920 3052 elericorum
940 2993 1063 3053 tantum

132 3086 186 3166 qni
202 3085 334 3167 alicujus
349 3075 492 3166 specialis
502 3085 641 3147 ecolesiae
657 3084 782 3146 servitio
801 3083 933 3145 fuissent
946 3081 1063 3142 manci·

131 3179 207 3258 pati,
223 3178 276 3259 qui
286 3178 432 3240 videlicet
454 3178 495 3238 ed
518 3179 617 3240 instar
631 3177 767 3258 antiquae
782 3175 953 3254 disciplina
965 3174 1063 3234 bene-

131 3271 203 3332 ficio
220 3271 430 3332 eeclesiastico
451 3270 668 3332 tantummodo
692 3269 792 3348 gavisi
817 3270 930 3328 essent.
952 3263 1062 3326 (laeteri

132 3362 217 3424 enim
228 3363 332 3424 clerici
345 3382 382 3426 eo
399 3363 467 3443 ipso
482 3363 567 3442 quod
581 3381 644 3424 non
654 3362 808 3423 baberent
820 3357 1062 3420 determinatum

133 3455 272 3517 officinm
293 3456 325 3516 in
347 3455 479 3517 ecclesia
494 3454 719 3534 prestandum,
744 3455 775 3514 et
793 3470 812 3513 a
832 3450 938 3512 divino
958 3448 1061 3510 officio
1084 3517 1086 3521 ,

132 3548 340 3627 persolvendo
357 3553 446 3610 erant
458 3548 623 3612 immunes.

928 3648 973 3704 lo*

672 3742 685 3777 ι
