2502 4130
324 309 327 320 '
361 318 399 366 uu
420 305 548 367 cessero
568 317 651 366 euers
677 315 832 364 aaronica
1004 305 1064 364 323

127 465 265 527 tationes
279 463 505 542 produxerunt,
531 463 676 544 antiquas
690 463 951 540 reformaverunt,
968 462 1013 524 ita
1028 467 1064 526 ut

95 567 99 572 “
129 559 228 620 telem
243 577 279 618 ac
293 561 416 618 tantum
426 557 667 636 babeamuspcr
681 555 762 617 hanc
777 555 953 635 periodum,
967 576 1066 619 novo-

131 671 204 712 rum
219 651 365 712 ordinum
379 655 447 712 tum
467 654 611 712 veterum
623 651 866 712 reformatorum
881 667 1063 728 numerum,

131 751 168 806 ut
182 745 250 805 haec
262 747 349 821 aetm,
361 763 431 824 quae
447 762 465 803 a
483 743 597 804 saeculo
611 743 798 804 duodecimo
811 761 910 823 usque
925 743 966 804 ad
981 743 1067 804 deei-

131 858 221 900 mum
251 841 372 899 sextum
386 837 583 915 perducitur,
608 855 682 897 vere
700 855 813 916 pareus
829 837 1067 899 foecundissima

131 931 229 993 fuerit
242 930 473 991 institutionum
486 929 689 1010 regularium.

174 1024 239 1086 Sed
259 1042 322 1084 non
337 1023 477 1084 omnium
501 1023 633 1083 istarum
649 1022 881 1084 institutionum
906 1023 991 1086 idem
1005 1025 1066 1106 spi-

134 1119 232 1194 rituS,
248 1116 360 1176 eadem
387 1115 527 1193 indoles,
552 1116 662 1176 eadem
686 1116 833 1178 sanctitas
848 1121 879 1179 et
898 1119 1063 1182 rectitudo.

135 1215 204 1274 Nou
223 1209 319 1270 semel
343 1209 461 1270 factum
485 1213 531 1270 est
555 1213 608 1286 ut,
633 1209 690 1269 sub
706 1209 830 1287 pietatis
855 1214 886 1271 et
905 1211 1066 1291 religionis

135 1303 250 1383 specie,
260 1302 415 1380 impietas,
425 1301 564 1379 haeresis,
573 1301 752 1380 superstitio
763 1302 979 1382 obtegeretur:
993 1324 1022 1366 v.
1032 1325 1063 1385 g.

136 1395 273 1476 religiosi
286 1395 331 1454 illi
342 1394 501 1456 Humiliati
518 1395 603 1470 dicti,
621 1414 675 1455 seu
690 1397 849 1474 Pauperes
864 1415 882 1456 a
898 1397 1064 1478 Lugduno,

78 1510 80 1512 ·
133 1509 214 1571 quos
224 1493 374 1567 tanquam
390 1487 555 1548 haereticos
571 1488 733 1550 damnavit
745 1489 859 1550 Lucius
868 1492 910 1552 llI
925 1492 963 1572 (c.
980 1509 1016 1552 111
1033 1492 1069 1553 de

131 1583 262 1664 terei).
280 1585 361 1662 Ergo
383 1581 415 1641 in
430 1585 518 1642 tanta
538 1599 643 1642 rerum
658 1582 909 1662 perturbatione,
933 1584 965 1643 in
980 1589 1069 1648 tanta

132 1676 371 1738 innovationum
382 1673 555 1758 varietate,
574 1681 787 1754 opportunum
809 1677 942 1739 credidit
963 1679 1068 1740 Eccle-

132 1770 180 1832 sia
192 1770 225 1830 in
239 1767 422 1848 rigidiorem
437 1767 525 1827 abire
545 1766 752 1846 disciplinam.
765 1771 804 1830 ut
818 1769 904 1848 dum,
918 1772 1069 1833 anteactis

132 1862 282 1945 periodis,
299 1861 389 1922 facile
413 1859 684 1921 obsecundaverat
699 1861 901 1923 fundatorum
911 1864 1066 1942 spiritum,

133 1957 183 2018 his
205 1953 399 2035 temporibus
414 1957 626 2032 opportunum
644 1952 776 2013 credidit
790 1955 991 2017 considerare
1007 1957 1070 2037 spi-

132 2051 213 2112 ritus
226 2067 315 2110 anax
329 2051 392 2109 Deo
409 2050 522 2123 essent,
544 2065 658 2120 necne;
674 2045 823 2126 ideoque,
839 2049 954 2110 saeculc
970 2052 1069 2128 xl110,

133 2153 205 2207 tum
225 2144 257 2204 in
272 2141 404 2204 concilio
428 2137 568 2220 generali
592 2139 795 2201 Lateranensi
822 2141 878 2203 lV⁰
899 2142 958 2203 sub
980 2144 1070 2205 Inno-

136 2237 240 2300 centio
264 2237 304 2298 ΙΙΙ
329 2235 409 2314 (cap.
436 2250 483 2310 rx,
507 2232 542 2294 de
563 2231 648 2312 reliq.
675 2230 777 2312 dom),
798 2239 866 2295 tum
884 2233 916 2295 in
939 2236 1069 2299 concilio

134 2328 386 2410 Lugdunensill⁰
401 2327 459 2388 sub
475 2325 624 2405 Gregorio
636 2328 662 2386 Χ
674 2325 866 2406 (capunico,
883 2330 1069 2411 eodem110),

136 2423 293 2488 sancitum
307 2427 354 2482 est
368 2424 403 2482 ut
416 2439 508 2481 nemo
522 2437 636 2480 novam
650 2419 835 2498 religionem
849 2422 998 2503 inveniat,
1016 2425 1071 2486 scd

136 2535 236 2580 unam
251 2515 289 2576 de
305 2513 485 2594 approbatis
500 2518 650 2573 assumat.

181 2609 244 2671 Sed
260 2609 308 2669 hae
320 2607 400 2688 juris
414 2605 589 2668 communis
611 2606 841 2686 dispositiones,
863 2609 939 2670 dum
960 2630 998 2670 ex
1009 2630 1073 2672 una

137 2706 230 2784 parte
251 2701 403 2763 tollebant
416 2699 546 2779 privatis
561 2699 725 2760 arbitrium
743 2701 895 2761 fundandi
911 2721 1010 2764 novos
1025 2723 1073 2764 or-

138 2799 230 2860 dines
253 2795 413 2874 regulares
429 2797 460 2854 et
478 2792 632 2872 episcopis
651 2793 831 2854 facultatem
846 2794 999 2858 tollebant
1020 2817 1074 2859 eos

140 2888 351 2972 approbandi,
371 2905 433 2948 non
456 2890 616 2965 poterant,
642 2903 679 2947 ex
696 2887 776 2964 alia,
793 2887 979 2952 imminuere
994 2911 1073 2970 prae·

139 2984 304 3047 callentem
328 2977 460 3042 Romani
484 2979 643 3040 Pontificis
667 2979 902 3061 auctoritatem,
924 3003 988 3064 qua
1002 3003 1075 3064 pos-

140 3079 226 3153 sunt,
247 3093 303 3154 pro
323 3072 554 3134 institutionum
570 3072 815 3152 opportunitate,
834 3071 930 3136 novos
949 3077 1074 3136 ordines

141 3169 330 3250 approbare.
344 3169 409 3228 Imo
430 3165 597 3227 concilium
611 3165 820 3244 Lugdunense
836 3169 1008 3228 secundum
1022 3187 1075 3228 ex-

140 3281 248 3346 presse
264 3262 345 3322 hanc
364 3261 546 3322 facultatem
566 3261 706 3319 Romano
728 3260 870 3320 Pontifici
888 3261 1072 3322 reservavit.

141 3359 244 3430 Quare
257 3355 351 3436 hujus
365 3351 584 3434 prohibitionis
602 3354 730 3412 effectus
744 3370 807 3412 non
824 3353 883 3413 fuit
901 3356 936 3414 ut
954 3355 1075 3414 nullum

141 3451 255 3512 exinde
269 3449 464 3530 reperiamus
478 3464 596 3508 novum
610 3445 786 3507 institutum
799 3445 987 3524 regulariter
1001 3467 1077 3509 con-

141 3545 254 3628 ditum,
278 3544 334 3609 sed
348 3547 470 3608 tantum
482 3543 516 3606 ut
532 3539 661 3606 confusa
680 3541 711 3602 et
725 3538 893 3602 arbitraria
907 3559 1017 3604 eorum
1031 3541 1077 3608 in,
