2502 4130
210 397 268 457 292
420 406 650 454 rrsarrctuorns
670 405 753 452 rosis
775 404 930 453 circumi.

211 553 431 634 conjugiorum
446 571 553 628 causa,
572 551 729 631 siquidem
743 550 933 612 matrimonii
948 550 1082 611 ratione
1099 551 1152 612 ho

211 647 311 708 mines
321 646 510 708 considerati
520 644 574 705 alii
586 643 712 706 caelihes
725 647 809 720 sunt,
820 644 872 704 alii
881 642 1067 730 conjugati.⁵
1076 647 1153 706 Gon-

209 739 334 820 jngium
358 756 431 798 vero
454 741 486 798 et
505 737 609 816 ipsum
635 754 743 796 semen
768 736 827 796 fuit
848 739 880 797 et
898 736 989 816 origo
1014 737 1154 816 plurium

213 834 407 895 diversarum
422 830 608 892 relationum
620 829 795 906 socialium,
812 848 926 908 nempe
940 830 1003 890 viri
1019 831 1065 891 ad
1080 849 1154 891 uxo·

213 945 292 1002 rem,
303 924 409 986 uxoris
423 923 591 999 advirum,
608 926 775 1001 parentum
790 923 822 982 in
835 923 963 998 liberos,
977 922 1156 984 liberorum

214 1019 246 1079 in
265 1021 422 1098 parentes,
435 1019 490 1076 Hae
509 1016 671 1077 naturales
685 1015 902 1076 distinctiones
916 1015 968 1074 vel
983 1016 1157 1077 relationes

215 1112 388 1186 hominum,
414 1112 568 1189 quantum
583 1108 701 1169 fuerint
715 1115 836 1169 naturae
856 1107 932 1169 vitio
955 1107 1154 1188 degradata‚

215 1223 324 1266 omnes
338 1204 455 1276 sciunt3
474 1201 631 1282 siquidem
646 1201 809 1262 caelibatus
819 1204 961 1262 retentus
972 1201 1039 1262 fuit
1054 1202 1090 1262 in
1104 1203 1159 1262 im-
1243 1237 1244 1264 i

202 1297 303 1377 -perio
318 1313 460 1371 romano,
477 1329 518 1338 —
541 1293 625 1374 quod
649 1297 756 1354 tamen
776 1311 842 1372 prae
862 1293 985 1354 caeteris
1011 1297 1160 1374 gentibus

216 1389 371 1469 maj0rem
396 1387 578 1450 civilitatem
598 1385 751 1466 jactabat,
769 1421 810 1432 —
827 1390 982 1466 tanquam
998 1389 1044 1449 ad
1060 1389 1161 1450 libidi-

218 1501 291 1542 nem
309 1480 412 1560 magis
436 1480 705 1541 accommodatus,
732 1481 809 1540 Inde
835 1497 872 1540 eo
885 1499 989 1560 usque
1007 1482 1161 1560 processit

218 1575 329 1637 vitium
343 1577 378 1635 ut
391 1572 558 1634 debuerint
575 1573 661 1652 leges
679 1573 810 1652 proemia
820 1591 877 1652 pro
890 1573 1077 1635 liberorum
1092 1594 1161 1656 pro
1243 1601 1244 1652 j

220 1667 378 1729 creatione
393 1666 512 1728 civibus
521 1683 710 1745 proponere.
1243 1659 1244 1672 ¹

260 1760 417 1821 Naturalis
437 1759 641 1838 superioritas
655 1759 754 1838 patris
773 1761 806 1820 in
819 1759 947 1838 liberos
965 1761 1028 1822 viri
1039 1763 1074 1824 in
1088 1783 1160 1826 uxo
1243 1827 1244 1842 p

220 1873 300 1931 rem,
324 1853 409 1934 quod
428 1871 537 1914 omnes
558 1857 726 1931 noverunt,
754 1853 787 1914 in
801 1853 1006 1938 tyrannicum
1018 1855 1075 1936 jus
1094 1876 1161 1919 eva-

221 1952 324 2026 serat,
345 1947 388 2008 ita
411 1951 447 2009 nt
465 1965 550 2034 uxor
569 1951 601 2009 et
616 1947 706 2008 liberi
730 1951 882 2028 tanquam
901 1967 953 2008 res
973 1949 1081 2012 habiti
1105 1952 1162 2012 sint

223 2043 307 2104 omni
318 2041 539 2121 personalitate
552 2047 706 2102 carentes.
716 2040 807 2101 Nulla
818 2040 992 2122 conjugum
999 2041 1080 2123 jura
1090 2043 1162 2104 reci·

223 2155 332 2218 proca,
347 2140 408 2198 etc.
515 2209 533 2220 Ι,

266 2231 328 2292 Sed
342 2230 392 2292 hae
405 2227 620 2291 distinctiones
635 2231 725 2289 erant
747 2229 918 2290 naturales
930 2231 994 2290 Per
1008 2231 1162 2292 intlnxum

225 2327 331 2384 autem
345 2323 454 2402 gratia
473 2321 539 2398 Dei,
563 2321 652 2401 cujus
674 2325 799 2383 estnon
816 2323 978 2384 destruere
994 2325 1055 2384 sed
1072 2325 1161 2403 perfi-

225 2419 467 2491 emanaturam,
485 2414 541 2475 has
562 2432 670 2476 omnes
684 2414 853 2476 relationes
861 2415 933 2496 jure
949 2417 1162 2478 ecclesiastico

225 2507 269 2568 ita
283 2511 417 2585 recepta
438 2511 511 2570 sunt
525 2511 560 2568 ut
582 2508 614 2566 in
634 2525 725 2568 suam
739 2507 924 2586 primaevam
938 2509 1080 2572 formam
1102 2530 1164 2572 res-

225 2605 437 2678 taurarentur,
454 2604 486 2662 et
509 2601 541 2661 in
563 2602 660 2661 finem
686 2606 812 2661 aterna
838 2601 946 2662 salutis
974 2605 1164 2666 reviviscere

226 2699 362 2774 possent.
375 2698 550 2774 Utrumque
567 2696 695 2770 statum,
711 2693 777 2754 sive
789 2693 962 2772 caelibatus,
975 2695 1045 2756 sive
1056 2697 1164 2777 conju·

227 2787 281 2867 gii,
298 2788 417 2866 recepit
431 2787 588 2860 Ecclesia3
605 2789 775 2866 utrumque
788 2787 922 2848 asseruit
940 2792 1098 2868 tanquam
1112 2808 1166 2867 op·

227 2880 339 2942 timum
353 2899 410 2958 pro
426 2881 551 2942 diversa
572 2879 749 2957 vocatione,
771 2880 827 2940 sed
844 2881 1026 2942 caelihatum
1046 2883 1165 2961 perlec-

228 2973 341 3036 tionem
351 2973 383 3033 in
398 2991 524 3052 genere,
542 2973 617 3053 quia
631 2972 760 3033 liberius
777 2973 892 3034 divinae
907 2973 1166 3054 contemplationi

229 3084 343 3130 vacare
357 3070 460 3146 potest
471 3087 480 3140 ;
492 3066 674 3146 conjuginm
693 3084 768 3126 vero
787 3067 999 3128 necessarium
1016 3072 1053 3129 ut
1069 3069 1166 3129 socie-

228 3169 289 3239 taS,
306 3160 368 3222 imo
383 3160 453 3239 ipsa
465 3159 605 3220 Ecclesia
615 3179 653 3218 ex
664 3163 754 3238 parte
769 3160 904 3220 naturali
919 3164 1163 3240 propagaretur.

270 3257 300 3317 3⁰
322 3253 392 3316 Alia
406 3251 563 3314 distinctio
575 3251 647 3331 jure
662 3251 797 3313 naturali
813 3255 844 3313 et
857 3253 1000 3332 gentium
1012 3255 1099 3314 inter
1111 3254 1168 3314 ho-

183 3341 192 3348 *
230 3349 331 3412 mines
347 3351 415 3408 orta
430 3351 527 3406 estex
545 3345 704 3422 servitute,
724 3363 794 3425 quar
815 3345 944 3424 quidem
968 3363 1006 3406 ex
1030 3345 1168 3408 naturali

230 3441 441 3519 inequalitate
455 3434 639 3499 facultatum
661 3441 692 3499 et
713 3437 924 3499 dominiorum
937 3442 1008 3500 orta
1026 3443 1086 3500 est.
1106 3438 1167 3502 Sed

233 3539 385 3607 quantum
393 3533 468 3593 vitio
482 3530 645 3591 hominum
655 3530 750 3591 fuerit
759 3533 917 3608 corrupta,
931 3531 1059 3609 scimus,
1072 3531 1167 3612 siqni-

233 3619 306 3682 dem
316 3623 400 3681 servi
410 3626 617 3706 tanquamres
632 3621 751 3691 domini
766 3622 1059 3708 considerabantur,
1075 3625 1122 3690 ita
1135 3628 1169 3690 ut
