2518 4144
206 330 226 392 t
414 333 645 389 rnsnrurronns
665 336 748 386 rrnrs
770 337 925 386 enronrcr.

208 488 289 551 Etin
299 487 360 550 hoc
377 505 470 549 sensu
486 486 634 550 definitur
649 485 682 546 in
700 484 798 548 lustit.
815 485 873 566 (tit.
890 484 920 565 2)
936 505 942 547 :
961 505 975 543 u
986 478 1040 546 lus
1053 491 1147 546 natu-

209 582 323 642 rolcert
333 579 526 662 productura
540 579 637 640 omnia
653 578 800 640 animatio
810 577 917 640 docuit.
934 581 981 640 lte
999 583 1147 641 satoom-

210 673 346 736 munitor
358 673 411 755 jus
427 673 602 735 naturales
617 671 775 734 veteribus
784 670 1015 751 jurisconsultis
1029 673 1147 751 occipi-

209 771 271 844 tur‚
285 767 337 848 qui
348 767 426 827 illud
441 765 638 844 distinguunt
652 763 749 844 ojore
762 764 903 843 pontium,
919 764 993 843 quis
1004 765 1148 844 primum

210 877 377 922 commune
392 862 440 920 cst
451 857 596 920 omnihus
609 855 830 934 animantibus,
848 857 922 918 dum
937 857 1072 919 alterum
1084 857 1146 918 soli

211 952 330 1014 homini
343 951 508 1031 proprium
518 953 575 1012 est.

251 1047 370 1108 Verum
388 1044 421 1104 in
442 1043 549 1106 stricto
576 1061 669 1105 sensu
687 1041 740 1123 jus
755 1043 898 1105 naturale
920 1043 1042 1104 nonnisi
1058 1043 1148 1104 entia

212 1137 378 1200 rationalia
391 1136 531 1199 etlihcre
540 1135 647 1213 afficit,
662 1138 693 1197 et
702 1154 808 1215 presse
819 1136 982 1198 delinitur:
998 1136 1075 1196 illud
1077 1137 1146 1216 jus,

213 1229 295 1310 cujus
309 1229 448 1309 obligatio
463 1249 520 1290 non
538 1237 580 1290 est
599 1228 691 1290 libero
705 1228 829 1310 alicujus
841 1229 1045 1310 precipientis
1059 1230 1149 1309 lepis-

213 1322 316 1383 lotorc's
336 1322 483 1384 voluntate
504 1323 612 1398 oritur,
635 1321 686 1382 sed
708 1341 746 1382 en
771 1322 835 1403 epra
861 1323 908 1383 rei
921 1331 1082 1403 precepto
1102 1324 1153 1384 cel

211 1414 370 1496 prohibitur
383 1423 501 1478 natura.
517 1417 555 1477 nt
565 1433 637 1476 cum
647 1414 715 1477 haec
725 1419 839 1477 notura
850 1415 890 1477 sit
901 1415 1103 1477 immutabilis
1116 1420 1150 1478 et

214 1509 326 1571 eodem
334 1507 463 1590 ubique,
472 1507 543 1570 ideo
552 1507 605 1589 jus
616 1507 758 1570 naturale
768 1508 885 1589 ubique
896 1512 928 1571 et
939 1509 1024 1589 opud
1037 1527 1147 1570 omnes

214 1606 324 1682 gentes
339 1601 484 1662 eamdem
501 1601 565 1664 vim
579 1601 685 1663 habet.

255 1699 286 1756 2⁰
298 1693 353 1755 Jus
359 1694 519 1776 positivum
540 1697 587 1756 est
605 1694 683 1756 illud
700 1694 796 1774 quod,
820 1713 883 1758 non
903 1695 1146 1781 criminatore,

215 1788 271 1851 scd
283 1806 321 1850 ex
333 1787 434 1849 libera
448 1787 503 1849 Dei
516 1787 566 1848 vel
583 1787 719 1849 hominis
734 1787 894 1849 voluntate
913 1788 1029 1868 pendet
1039 1791 1071 1848 et
1083 1787 1149 1849 vim
1243 1781 1245 1814 *

216 1880 345 1944 obtinet.
372 1879 492 1942 Dicitur
516 1880 678 1962 positivum
703 1879 777 1961 quis
797 1897 817 1940 a
840 1880 992 1960 principe,
1019 1898 1083 1942 non
1109 1900 1148 1942 ex

216 1974 355 2055 quadem
367 1973 551 2036 necessitate
566 1976 660 2054 atque
673 1972 842 2036 intrinsece
853 1972 965 2054 objecti
978 1973 1146 2054 exigentia,

216 2067 272 2129 sed
285 2067 384 2129 libere
398 2066 580 2147 imponitur.

256 2162 293 2224 11.
314 2162 371 2224 Jns
387 2160 555 2241 positivum
572 2159 721 2224 dividitur
737 2180 744 2222 :
761 2164 790 2224 1⁰
802 2161 835 2222 in
847 2159 978 2224 divinum
998 2164 1030 2222 et
1047 2160 1151 2221 tuma-

215 2274 296 2332 num,
305 2258 400 2334 prout
411 2273 431 2315 o
443 2257 519 2332 Deo,
535 2271 683 2333 supremo
692 2253 882 2334 legislatore,
897 2255 996 2316 veleb
1010 2254 1151 2316 humone

218 2345 402 2409 auctoritate
432 2345 590 2424 procedit.
616 2347 673 2408 lus
708 2347 850 2409 naturale
885 2353 971 2411 certo
1005 2351 1151 2428 respectu

218 2439 313 2500 etiam
334 2437 476 2499 divinum
498 2439 650 2518 appellari
675 2443 788 2519 potest,
807 2441 839 2501 in
862 2445 1015 2522 quantum
1033 2441 1152 2503 scilicet
1241 2435 1242 2456 ³

218 2533 338 2609 olleo,
355 2535 507 2611 tanquam
519 2535 646 2594 auctore
666 2536 802 2612 nature,
828 2535 984 2597 mentibus
1004 2534 1151 2597 humanis

218 2627 266 2686 est
292 2623 448 2697 inditum;
474 2623 580 2705 itaque
600 2624 653 2705 jus
674 2626 843 2705 positivum
862 2627 1020 2706 divinum,
1045 2628 1151 2691 stricto

218 2720 389 2797 sumptum,
401 2719 570 2780 ostentum
581 2736 650 2799 quae
662 2719 761 2801 adjus
771 2720 913 2782 naturale
923 2732 986 2783 uon
996 2725 1149 2802 spectant,

154 2849 156 2854 -
217 2809 318 2891 jubet.

257 2907 289 2964 2⁰
300 2904 357 2966 lus
367 2903 538 2984 positivum
553 2903 727 2967 humanum
740 2904 772 2968 in
783 2907 836 2990 jus
852 2907 1004 2989 gentium,
1017 2909 1108 2972 civile
1119 2912 1151 2971 et

219 2997 470 3059 ecclesiasticum
479 2997 636 3060 subdividi
649 3000 728 3062 solet
741 3021 748 3061 :

259 3088 312 3150 luc
323 3091 464 3170 gentium,
482 3090 571 3171 cujus
588 3092 673 3153 notio
692 3093 779 3154 varie
802 3095 937 3157 traditur
955 3096 996 3157 eh
1015 3093 1150 3159 auctori·

219 3179 291 3260 bus,
308 3182 418 3244 heberi
434 3186 537 3262 potest
545 3186 581 3246 ut
590 3184 665 3245 illud
679 3204 741 3265 quo
752 3205 860 3249 omues
873 3191 982 3268 gentes
992 3190 1042 3250 vel
1054 3191 1152 3253 ferme

220 3294 329 3337 omnes
341 3279 491 3339 utuntur:
510 3296 529 3337 o
541 3276 772 3358 jurisconsultis
787 3279 883 3343 dividi
898 3282 977 3344 solet
989 3282 1022 3344 in
1034 3284 1155 3363 prime-

222 3369 304 3430 rium
320 3372 351 3431 et
360 3369 591 3432 secundarium.

209 3505 212 3510 -
259 3465 276 3524 J
279 3482 315 3523 us
325 3462 465 3542 gentium
472 3463 653 3543 primarium
661 3464 737 3526 illud
750 3470 796 3528 est
811 3467 894 3547 quod
905 3469 1057 3530 naturalis
1072 3468 1154 3533 ratio

222 3556 366 3621 omnibus
380 3556 525 3642 gentibus
538 3556 645 3638 dictet,
658 3558 804 3642 qnodque
818 3561 1078 3625 sDecmcntibus
1092 3563 1154 3628 hu-
