2518 4144
320 319 427 368 nocrcn
449 322 602 370 serenus
622 324 705 370 runs
729 324 883 374 conamen
1026 317 1066 379 la

171 465 260 526 Ratio
280 465 390 545 primae
412 467 510 545 partis
530 470 578 530 est
597 469 671 548 quia
687 469 831 532 voluntas
852 472 1063 552 rescribentis,

129 577 169 618 ex
189 557 297 636 dietis,
319 559 504 621 naturaliter
523 562 655 623 relativa
683 565 729 623 est
755 564 971 642 supplicationi
994 587 1064 648 quae

128 651 314 712 rescribenti
328 652 387 713 fuit
401 655 573 732 proposita.
595 656 690 735 Atqui
710 655 770 716 hoc
790 675 852 717 non
875 659 996 721 excedit
1010 680 1065 739 pe-

128 744 261 806 culiaria
288 745 420 825 alicujus
443 747 516 808 facti
542 748 700 829 adjuncta.
729 751 901 828 Propterea
921 753 1064 815 voluntas

127 837 329 898 rescribentis
345 843 433 900 extra
449 841 638 919 particulare
653 843 771 904 factum
794 861 856 904 non
874 846 1061 908 extenditur.

169 931 260 992 Ratio
290 932 436 994 secundae
460 935 558 1013 partis
591 939 638 996 est
668 937 742 1016 qnia
766 936 937 1016 aliqnando
963 943 1065 1016 potest

127 1024 256 1086 evenire
269 1029 304 1086 ut
314 1025 459 1105 princeps
475 1028 516 1088 ad
533 1029 666 1109 alicujus
676 1030 938 1092 consultationem
954 1033 1002 1092 vel
1017 1051 1064 1093 re·

125 1117 295 1195 lationem,
318 1125 474 1197 proponat
487 1121 540 1201 jus
558 1141 740 1200 commune,
759 1123 809 1184 vel
825 1123 878 1204 jus
897 1125 1017 1186 dictum
1032 1126 1063 1186 in

125 1210 339 1289 peculiaribus
363 1212 495 1294 alicujus
521 1215 594 1276 faeti
624 1215 779 1296 adjunctis
803 1218 878 1279 velit
901 1219 1061 1280 observari

126 1307 158 1365 et
169 1304 320 1366 custodiri
332 1309 485 1385 tanquam
495 1312 577 1370 esset
588 1308 640 1388 jus
656 1328 832 1372 commune.

172 1397 296 1458 Primus
331 1417 422 1460 casus
453 1401 619 1480 dupliciter
645 1403 846 1482 distinguitur
877 1426 883 1466 :
916 1405 1061 1484 princeps

123 1493 229 1568 potest
243 1489 283 1550 ad
293 1491 426 1572 alicujus
441 1493 622 1556 instantiam
635 1515 800 1558 commune
807 1497 859 1578 jus
869 1517 1056 1577 proponere,

121 1583 174 1642 vel
192 1583 269 1644 illud
289 1583 487 1663 interpretari
506 1589 627 1650 ratione
643 1590 751 1651 habita
765 1591 838 1652 tacti
860 1591 1057 1670 particularis

122 1676 209 1755 quod
227 1675 286 1755 ipsi
307 1679 512 1757 proponitur3
540 1701 602 1761 quo
624 1701 716 1760 casu,
737 1683 952 1763 interpretatio
972 1684 1059 1762 prin-

121 1769 188 1847 ipis
220 1773 416 1836 naturaliter
438 1776 546 1856 adjus
564 1794 731 1838 commune
759 1777 933 1840 reducitur.
959 1779 1067 1838 Potest

119 1861 236 1923 aetiam
252 1866 407 1947 princeps,
424 1869 587 1930 occasione
601 1873 726 1948 sumpta
742 1869 874 1951 alicujus
889 1869 962 1931 sacti
973 1887 1066 1948 pecu·

130 1955 230 2033 liaris,
243 1957 296 2038 jus
311 1979 498 2041 proponere.
514 1962 603 2023 Talia
617 1966 723 2023 autem
740 1963 894 2042 rescripta
905 1964 945 2024 ab
956 1962 1066 2042 aliqui-

118 2046 190 2120 bus
204 2053 354 2134 praerato
365 2056 521 2117 dicuntur.

174 2149 337 2214 Secundus
362 2167 452 2210 casus
472 2149 626 2227 contingit
647 2166 719 2208 cum
744 2149 890 2226 princeps
915 2149 1066 2226 rescripta

126 2243 254 2304 reddita
273 2261 330 2322 pro
350 2242 562 2321 peculiaribus
582 2242 738 2302 factorum
766 2239 939 2320 adjunctis,
957 2240 989 2300 in
1009 2259 1065 2301 au-

127 2336 301 2399 thenticam
317 2336 434 2398 referat
449 2335 686 2411 collectionem,
708 2333 790 2396 sicut
808 2333 840 2394 in
855 2333 927 2415 jure
946 2333 1028 2394 civili
1046 2354 1065 2396 a

126 2429 305 2492 lustiniano
320 2429 510 2508 imperatore
528 2429 646 2489 tactum
661 2431 721 2504 est,
740 2431 771 2488 et
785 2426 900 2508 injure
912 2428 1063 2490 canonico

122 2543 142 2584 a
164 2525 220 2584 SS.
239 2525 298 2583 ΡΡ.
317 2522 467 2600 Gregorio
485 2524 537 2598 IX,
551 2522 720 2597 Clemente,
732 2520 904 2598 Boniiacio,
917 2525 977 2582 etc.
995 2523 1062 2593 Ouo

121 2635 197 2678 casu
210 2617 246 2677 fit
262 2619 295 2676 ut
319 2615 523 2694 rescriptum,
546 2614 664 2675 dictum
684 2613 716 2673 in
736 2613 949 2692 peculiaribus
963 2614 1062 2675 facto-

124 2727 198 2770 rum
223 2708 396 2788 adjunctis,
419 2707 625 2787 protendatur
649 2707 690 2767 ad
713 2706 819 2767 omnia
842 2705 926 2768 facta
949 2705 1062 2769 similia

123 2820 198 2882 quae
211 2801 338 2862 evenire
353 2804 494 2881 possunt.

162 2898 194 2955 2⁰
216 2894 289 2956 Solo
303 2894 474 2974 dispositiva
482 2912 557 2973 pers
575 2894 606 2954 in
627 2893 776 2973 rescrrptr's
789 2893 843 2973 jus
867 2892 949 2955 dicit.
971 2894 1060 2955 Ratio

122 2987 218 3068 hujus
245 2987 400 3050 corollarii
422 2990 470 3047 est
492 2987 566 3066 quia
580 2987 725 3065 princeps
743 2986 774 3045 in
795 2990 883 3066 parte
901 2987 1062 3047 narrative

123 3081 265 3142 historici
281 3081 494 3160 potiusquam
513 3079 662 3158 principis
674 3098 789 3140 munus
804 3099 898 3160 agere
916 3079 1057 3152 videtur;

122 3175 156 3235 in
171 3177 262 3253 parte
277 3193 352 3236 vero
371 3173 552 3250 doctrinali,
569 3173 671 3252 potius
687 3173 848 3234 doctorem
866 3166 961 3254 duam
974 3173 1061 3252 prin-

124 3286 239 3346 erpem.

163 3361 213 3420 Ad
233 3360 304 3421 haec
326 3361 500 3422 notandum
517 3362 564 3420 est
583 3359 667 3439 quod
688 3359 846 3440 principes
867 3379 930 3422 non
953 3358 1060 3418 valent

123 3473 180 3534 per
190 3455 355 3534 seintegra
365 3453 867 3533 rescriptaperticere,sedscribis
878 3450 1058 3531 hujusmodi

124 3565 234 3620 curam
250 3547 443 3610 demandare
455 3547 582 3624 debent,
591 3545 644 3628 qui
659 3565 716 3626 pro
729 3546 854 3626 ingenio
866 3562 936 3620 suo,
947 3545 982 3603 ut
991 3543 1058 3622 plu-
