2502 4130
359 373 398 420 os
420 373 548 423 osrscro
568 375 652 423 runis
674 373 830 422 ornemur.
1004 361 1058 422 3ll

168 518 360 599 mergitur
376 519 522 581 tractatio
537 519 700 581 reducitur
722 519 765 590 ad¹
778 519 998 599 investiganda
1017 520 1066 581 in-

124 613 238 675 stituta
264 631 335 692 quse
360 613 450 673 varis
464 631 521 691 pro
540 613 635 674 variis
656 617 835 692 temporum
851 613 1006 694 adjunctis
1031 613 1064 674 iu

125 706 270 768 Ecclesia
284 705 399 767 Christi
419 705 551 767 fundata
565 710 652 784 sunt,
675 711 710 768 ut
729 706 872 786 spiritum
887 706 1064 768 christianes

126 800 329 880 perfectionis
349 800 455 860 fovere
474 803 505 861 ct
525 799 658 878 adipisci
677 800 787 861 fideles
804 805 1063 879 provocarentur.

125 897 249 954 —Hoc
263 896 299 954 ut
317 893 496 954 ordinatum
515 897 720 972 praestemus,
743 894 965 956 tractationem
983 893 1066 955 hanc

125 985 500 1066 historico-juridicsmin
513 987 592 1047 duas
605 987 743 1065 epochas
757 987 947 1067 principales
957 987 1067 1048 distin-

127 1097 273 1158 guemus,
292 1095 425 1158 quarum
438 1079 540 1158 prima
550 1079 590 1139 ab
604 1079 745 1140 Ecclesia
757 1079 886 1141 condite
906 1080 946 1140 ed
958 1080 1066 1141 Decia-

128 1189 204 1233 nam
218 1173 469 1250 persecutionem
489 1173 603 1247 currit3
619 1173 719 1234 altera
735 1191 755 1233 a
770 1173 907 1234 Deciana
921 1191 1067 1252 persecu-

126 1265 215 1326 tione
230 1265 271 1326 sd
284 1283 351 1326 noe.

441 1428 608 1474 ARTIGULUS
630 1429 749 1475 PRIMUS.

190 1569 235 1631 De
248 1569 393 1648 rclr'pt'osis
402 1570 592 1651 perfectioris
603 1572 673 1633 vitoe
686 1571 831 1633 institutis
844 1579 912 1632 onte
921 1571 1009 1633 Decii

470 1665 710 1745 perscrutatam

168 1825 206 1886 ll.
231 1824 306 1884 Haec
322 1821 443 1902 epocha
456 1823 560 1902 potius
574 1825 722 1904 negativa
736 1843 831 1905 quam
845 1824 980 1904 positiva
993 1844 1061 1888 sese

126 1917 256 1978 exhibet
276 1916 335 1978 hec
349 1915 381 1976 iu
396 1935 445 1990 rc;
460 1919 635 1996 generatim
649 1918 806 1997 loquendo
823 1936 885 1980 non
908 1923 1063 1997 apparent

127 2011 338 2072 determinata
358 2009 488 2072 vivendi
500 2011 659 2088 instituta,
677 2011 795 2090 regulae
817 2011 969 2089 speciales
984 2029 1063 2091 ques

125 2103 287 2166 christiani
297 2105 522 2182 profiterentur
535 2105 567 2164 in
580 2105 690 2166 ordine
707 2105 748 2165 sd
764 2103 980 2183 evangelicam
992 2121 1063 2182 per-

125 2197 312 2270 fectionem;
334 2197 389 2258 sed
404 2199 552 2276 generale
573 2203 642 2260 erat
655 2198 741 2277 apud
762 2196 939 2277 primitivos
966 2196 1063 2257 chris-

125 2291 230 2352 tianos
244 2291 444 2369 perfectionis
477 2291 635 2368 studium,
659 2291 771 2370 ingens
796 2291 902 2352 fervor
924 2290 1063 2352 caritatis

126 2403 198 2464 quae
213 2384 364 2463 perfectio
381 2384 460 2464 legis
480 2388 537 2446 est.
556 2385 622 2447 sed
643 2385 787 2446 instituto
805 2384 952 2466 quaedsm
971 2403 1063 2464 regu-

126 2479 209 2539 laris
231 2495 434 2556 promovere,
460 2479 587 2556 fovere,
604 2480 770 2558 perficere,
792 2496 850 2540 neo
875 2479 935 2540 illis
949 2478 1064 2558 permi-

127 2571 219 2632 sisset
236 2571 284 2630 ira
298 2571 535 2649 persecutionis,
544 2589 602 2632 nec
614 2573 760 2633 Ecclesiae
776 2572 893 2633 utilitas
906 2577 937 2633 et
948 2589 1064 2649 oppor-

127 2665 245 2726 tunitas
261 2664 424 2742 exegisset.

168 2761 237 2818 Non
253 2757 380 2837 quidem
396 2757 464 2819 heic
476 2757 551 2837 ipsis
566 2758 759 2836 permisisset
774 2759 905 2818 cruenta
918 2773 1063 2836 persecu·

127 2851 171 2913 tio
187 2851 303 2930 quaein
318 2865 371 2911 eos
386 2850 546 2928 saeviebat,
556 2851 712 2930 siquidem
727 2850 805 2910 nihil
815 2850 900 2930 quod
910 2850 950 2910 ed
962 2850 1061 2911 chris-

126 2945 206 3005 tiani
220 2943 510 3022 spiritusculturam
519 2945 728 3022 conduxisset,
737 2944 930 3023 permisisset
937 2943 1060 3024 gladius
1096 2940 1098 2944 ’

126 3037 179 3098 ille
194 3037 248 3116 qui
272 3055 331 3097 nec
348 3037 446 3098 vitam
461 3038 588 3098 volebat
609 3037 796 3098 christianis
830 3018 893 3099 lieo
917 3035 1063 3098 Ecclesia

127 3131 262 3204 utilitas3
279 3130 435 3209 siquidem
450 3149 513 3192 non
528 3135 595 3192 crat
609 3131 686 3192 illud
698 3135 822 3210 tempus
836 3131 950 3210 quietis
963 3133 994 3190 et
1009 3127 1063 3189 otii

127 3223 316 3300 monastici,
341 3225 397 3284 sed
417 3228 541 3303 tempus
556 3243 670 3304 pugnes
693 3243 755 3304 quo
781 3223 959 3284 christianis
981 3239 1064 3281 mer-

126 3317 250 3397 tyrihus
265 3317 490 3379 decertandum
511 3318 592 3378 foret
613 3321 646 3379 ut
667 3318 783 3380 Christi
803 3317 899 3377 tidem
917 3315 950 3375 in
971 3313 1063 3376 terris

127 3411 315 3474 stabilirent.
332 3412 416 3490 lirgo
430 3414 608 3489 temporum
623 3409 866 3472 circumstantie
881 3408 959 3469 tales
974 3410 1065 3468 erant

129 3521 201 3586 quae
209 3523 273 3566 non
285 3503 462 3566 invitabant
472 3504 657 3566 christianos
669 3504 701 3564 in
714 3501 897 3564 solitudines
908 3503 944 3562 ut
952 3517 1065 3581 seque-

128 3601 239 3668 rentur
250 3597 394 3682 proprias
404 3598 603 3662 ascensiones
613 3597 727 3662 mentis
742 3614 817 3678 erga
828 3597 928 3658 licum
941 3615 949 3676 ς
963 3595 1019 3658 scd
1029 3597 1064 3661 ui
