2518 4144
196 299 237 359 68
410 309 640 356 msrrronouns
660 311 743 356 roms
765 309 919 356 eruemur.

198 457 294 517 modo
317 454 386 515 haec
411 453 605 534 perpetuitas
628 454 819 517 verificatur.
842 457 922 516 Nam
937 454 1139 534 perpetuitas

198 549 326 630 propria
357 550 466 628 legum
490 549 742 628 dogmaticarum
769 549 963 628 perpetuitas
990 550 1141 611 absoluta
1245 617 1246 624 χ

199 648 256 720 est,
274 643 318 703 ita
331 643 466 704 utnulla
482 661 622 721 unquam
637 643 839 718 auctoritate,
856 661 914 702 nec
925 642 1068 702 humana
1078 661 1140 704 nec
1245 695 1246 698 ,

199 737 305 797 divina
319 737 424 811 ctiam,
445 735 496 795 lex
510 735 691 814 dogmatica
713 736 811 796 semel
831 754 869 795 ac
886 736 1051 814 proposita
1076 740 1137 813 est,

198 830 296 910 possit
312 828 497 890 modificari.
522 831 641 889 Natura
656 829 739 889 enim
754 828 867 888 harum
889 829 998 906 legum
1021 847 1061 889 ee
1076 833 1137 906 est,

199 925 284 1004 quod
310 923 343 982 in
368 921 436 1000 ipsa
459 921 627 982 intrinseca
653 941 758 982 rerum
787 922 919 984 veritate
946 922 1135 983 tundantur.
1245 923 1246 960 ³

198 1019 369 1094 Propterea
379 1015 418 1074 de
431 1014 571 1075 veritatis
585 1014 838 1076 immutabilitate
850 1015 1052 1094 participant.
1245 1009 1246 1022 ¹

239 1109 302 1170 Sed
321 1109 408 1187 leges
429 1107 643 1186 disciplinares
666 1127 705 1168 ea
728 1112 852 1170 tanturn
865 1108 1007 1188 gaudent
1021 1127 1139 1186 perpe·
1245 1105 1246 1172 i

199 1203 311 1263 tuitate
325 1221 387 1282 qua
400 1201 539 1281 gaudere
554 1201 656 1262 solent
665 1201 812 1262 humanae
824 1203 922 1281 leges,
935 1219 1006 1280 quae
1020 1220 1138 1280 nempe
1245 1219 1246 1280 g

199 1297 296 1356 semel
310 1313 348 1356 ac
362 1295 454 1355 editae
468 1294 599 1371 fuerint,
617 1313 654 1355 eo
678 1314 780 1374 usque
803 1295 911 1373 vigere
936 1298 978 1356 et·
991 1294 1137 1374 obligare
1245 1303 1246 1354 ξ

199 1391 432 1469 praesumuntur
451 1406 614 1468 quousque
635 1407 698 1448 non
717 1387 833 1448 fuerint
846 1391 1013 1449 revocatae.
1031 1391 1137 1448 Revo-
1245 1391 1246 1446 ἶ

201 1485 312 1543 cantur
328 1487 434 1543 autem
449 1481 560 1542 eedem
572 1481 758 1542 auctoritate
773 1500 836 1560 qua
849 1482 921 1542 latae
935 1485 1020 1557 sunt,
1036 1481 1137 1560 siqui-

199 1577 272 1636 dem
291 1595 342 1636 res
362 1575 474 1636 iisdem
495 1574 608 1655 quibus
631 1578 802 1636 nascuntur
828 1575 941 1652 causis,
964 1577 995 1634 et
1022 1574 1137 1634 dissol-

198 1672 326 1730 vantur.

239 1763 276 1821 ΙΙ.
301 1760 391 1822 Unde
405 1760 487 1820 hano
502 1761 658 1822 theoriam
672 1759 859 1840 applicando
883 1760 1025 1822 dicemus
1048 1761 1136 1840 quod

200 1856 479 1915 eumsummatum
488 1853 521 1912 in
532 1873 595 1915 une
608 1857 750 1915 Romano
761 1855 922 1931 Pontifice,
936 1857 1005 1916 tum
1015 1854 1048 1914 in
1059 1873 1136 1915 con·
1155 1852 1157 1856 ’

200 1947 270 2008 cilio
287 1945 480 2007 oecumenico
495 1949 554 2008 sub
570 1966 607 2008 eo
621 1947 761 2027 legitime
782 1951 974 2028 congregato
996 1948 1135 2010 auctori-

199 2045 248 2102 tas
262 2039 449 2119 reperiatur,
464 2059 503 2101 ex
518 2041 608 2102 dictis
617 2040 833 2102 indifferenter
843 2042 896 2102 vel
906 2060 963 2120 per
972 2041 1134 2102 Pontifieis

199 2133 435 2196 constitutiones
448 2134 652 2196 conciliorum
667 2134 851 2212 canonibus,
865 2135 916 2195 vel
926 2153 984 2213 per
994 2123 1133 2195 oenones

198 2227 403 2290 conciliorum
434 2227 627 2306 generalium
661 2227 933 2288 constitutionibus
960 2226 1130 2306 pontificiis

199 2321 352 2398 derogare
366 2320 413 2379 fas
425 2324 481 2381 est.

239 2412 291 2473 Sie
311 2415 342 2472 et
365 2415 483 2473 statuta
505 2413 682 2493 legatorum
707 2413 966 2492 apostolicam,
991 2429 1129 2476 canones

199 2504 402 2566 conciliorum
417 2505 481 2566 sive
494 2506 708 2583 octonalium,
724 2507 790 2567 sive
810 2506 1063 2586 provincialium,
1077 2507 1129 2566 de·
1245 2523 1246 2570 ζ

199 2602 285 2660 creta
307 2599 525 2678 episcoporum
540 2599 800 2676 dioecesanorum,
828 2601 878 2661 vel
893 2600 925 2658 in
940 2600 1064 2677 synodo
1079 2600 1129 2660 vel
1245 2603 1246 2612 ’

199 2696 286 2752 extra
301 2692 458 2771 synodum
469 2693 550 2768 lata,
565 2693 654 2754 novis
668 2693 791 2754 statutis
812 2693 990 2772 legatorum
1003 2696 1128 2771 aposto·
1245 2699 1246 2766 y

197 2784 340 2860 licorum,
357 2785 446 2846 nevis
467 2785 677 2846 decisionibus
700 2785 765 2846 sive
781 2786 985 2847 conciliorum
999 2787 1128 2870 provin·
1245 2775 1246 2804 ³

198 2877 334 2954 delium,
352 2878 440 2938 novis
455 2879 657 2957 synodalibus
676 2879 727 2940 vel
749 2879 979 2958 episcopalibus
993 2878 1127 2940 decretis
1245 2913 1246 2932 r

197 2970 427 3032 modificantur.

237 3065 303 3124 Hoc
319 3063 420 3124 solum
443 3063 757 3126 animadvertendum
779 3070 827 3127 est
852 3065 911 3126 hac
935 3065 1022 3126 inre
1043 3064 1126 3144 quod

192 3175 269 3221 ,cum
283 3155 315 3215 in
330 3160 499 3234 systemate
510 3157 710 3218 ecelesiastici
724 3159 896 3238 regiminis,
913 3177 952 3218 ex
958 3158 1027 3238 jam
1036 3157 1127 3219 dictis

196 3249 395 3329 reperiantur
408 3249 601 3328 legislatores
623 3251 854 3330 legislatoribus
873 3251 1063 3330 superiores,
1080 3251 1127 3311 in·
1245 3253 1246 3270 ¹

196 3343 346 3405 seriorum
360 3346 465 3404 autem
483 3343 652 3405 auctoritas
662 3345 837 3408 virtualiter
848 3345 898 3406 vel
909 3345 1084 3405 eminenter
1094 3345 1126 3404 in

197 3437 366 3515 superioris
376 3437 562 3498 auctoritate
571 3437 860 3516 contineatur,inde
869 3440 905 3500 fit
914 3437 1124 3516 utaliquando
1245 3497 1246 3518 Ξ

197 3529 365 3606 superioris
386 3529 570 3594 auctoritate
584 3531 700 3592 cassari
712 3532 762 3592 vel
776 3531 935 3594 obliterari
950 3529 1050 3620 possit
1062 3531 1123 3610 lex,
1245 3537 1246 3564 ³
