2502 4130
218 341 276 402 312
431 355 662 402 rnsrrrcrronus
682 357 765 402 runis
787 353 943 402 onuourcr.

220 499 392 580 quamdam
401 500 498 563 vitem
506 499 643 562 activam
651 502 811 576 curarent,
820 498 897 560 alios
906 495 1006 556 fidem
1019 494 1160 556 docendo
1234 483 1242 509 “

220 598 252 657 et
263 594 393 656 caritate
407 585 646 654 inflammando.

260 689 313 750 Ill.
330 690 477 748 Attamen
490 687 563 748 lieet
578 686 645 747 haec
658 684 791 763 epocha,
798 683 975 764 generatim
985 683 1158 762 loquendo,

221 799 289 842 sese
311 780 490 860 negativam
515 779 729 858 potiusquam
750 778 918 856 positivam
942 777 1114 853 exhibeat,
1137 777 1160 838 si
1240 794 1243 807 ·

221 875 325 954 piacet
339 891 444 934 rerum
466 871 604 951 origines
618 889 779 947 remeare,
803 870 956 932 nonnulla
971 874 1100 932 remota
1115 889 1161 930 se-
1240 872 1247 954 ¹3.

219 967 306 1028 mina
319 983 485 1045 possumus
495 964 645 1043 reperire,
655 982 724 1044 quae
734 963 1158 1044 regulariuminstitutorum

221 1059 458 1121 succedentium
471 1057 658 1119 seculorum
666 1061 817 1137 tanquam
828 1056 976 1136 quaedam
991 1056 1085 1118 initia
1092 1074 1160 1118 oon-

222 1153 365 1215 stituunt.
388 1151 548 1212 Habemus
576 1150 661 1211 enim
692 1153 724 1211 et
746 1150 779 1209 in
803 1149 863 1209 hac
885 1148 991 1227 prima
1012 1149 1158 1228 periodo,

222 1246 368 1326 quaedam
387 1244 558 1324 peculiaria
577 1243 719 1306 instituta
733 1247 765 1304 et
778 1242 964 1304 voluntariae
980 1243 1160 1322 paupertati

222 1339 381 1414 colendae,
400 1338 450 1398 vel
469 1336 605 1416 propriae
620 1335 824 1416 abnegationi
837 1339 868 1396 et
881 1335 1065 1397 voluntario
1081 1336 1161 1397 caeli-

221 1430 572 1493 batuiaeccmmodata.
1110 1473 1116 1479 -

262 1523 324 1602 Sic,
341 1543 371 1585 v.
396 1543 441 1602 g.,
463 1523 640 1584 institutum
655 1523 731 1584 illud
751 1522 926 1584 communis
940 1523 1016 1584 vitae
1041 1523 1082 1583 de
1101 1541 1160 1602 quo

114 1631 116 1635 ·
219 1610 411 1678 mentionem
423 1616 541 1677 faciunt
550 1619 646 1678 Actus
659 1615 821 1695 apostolici
834 1618 887 1692 lv,
899 1618 939 1676 30
952 1619 986 1676 et
1001 1635 1087 1696 serp,
1100 1634 1160 1694 quc

220 1709 429 1772 multitudinis
443 1708 584 1770 fidelium
599 1712 667 1770 erat
681 1727 736 1770 cor
751 1727 849 1769 unum
863 1712 895 1770 et
914 1709 1025 1769 anima
1040 1728 1121 1783 una;
1137 1709 1160 1769 si

222 1801 389 1882 quisquam
404 1818 474 1880 quae
489 1801 670 1880 possidebat
685 1820 748 1863 uon
761 1819 853 1864 suum
868 1819 936 1862 esse
950 1801 1093 1880 dicebat,
1108 1801 1160 1863 sed

222 1899 314 1957 erant
342 1894 448 1956 omnia
471 1895 667 1973 eommunia,
689 1899 757 1958 eret
770 1894 957 1982 voluntaria
981 1894 1160 1974 paupertati
1246 1963 1247 1972 ἶ

222 1987 351 2069 speciali
366 1987 461 2049 modo
475 1988 758 2050 accommodatum.
777 1987 828 2050 Sic
840 1987 968 2067 spiritus
979 1987 1162 2068 abnegatio·
1246 1985 1247 2045 ι

223 2082 271 2143 nis
284 2081 411 2162 speciali
427 2080 521 2142 modo
535 2079 662 2142 fovebat
675 2081 851 2143 institutum
875 2081 1009 2158 ascesis,
1026 2100 1086 2143 seu
1104 2081 1161 2161 piae

224 2173 454 2237 exercitationis
464 2173 514 2234 cui
529 2172 673 2234 homines
685 2173 813 2251 addicti,
826 2173 852 2235 si
861 2191 979 2250 mares,
989 2182 1114 2252 ascetae,
1137 2174 1161 2234 si
1245 2195 1246 2228 ι

223 2269 360 2345 feminae,
387 2267 538 2328 ascetrias
559 2266 755 2328 dicebantur.
788 2267 951 2347 Siquidem
978 2267 1162 2349 hujusmodi

223 2366 336 2422 ascetae
345 2365 376 2421 et
386 2360 553 2422 ascetrices
564 2359 756 2439 singularem
764 2360 1009 2422 christianorum
1017 2361 1162 2422 ordinem

222 2451 406 2514 instituebat
392 2453 496 2531 tpiee
520 2453 767 2531 exercitationis,
802 2472 915 2532 nempe
940 2454 1157 2532 poenitentia,
1244 2465 1245 2476 ι

222 2545 325 2607 cernis
345 2546 550 2608 macerationi
573 2550 604 2608 e
591 2547 814 2609 tomnimodae
843 2547 1080 2609 mortificationi
1107 2548 1162 2610 ad-

223 2639 288 2701 diot
275 2643 353 2702 ιιιιιι

262 2732 351 2794 Unde
361 2733 579 2795 rnGanombus
589 2733 812 2813 Apostolorum
823 2733 1159 2814 videmushuJusmodr

222 2829 342 2886 ascetae
357 2826 478 2886 caeteris
491 2825 579 2887 laicis
593 2826 757 2904 praelatos,
782 2825 827 2888 ita
840 2830 876 2888 ut
889 2826 1075 2890 immediate
1090 2831 1160 2907 post

222 2917 632 2980 clerumcommunioarent.
641 2918 757 2981 Sicera
758 2919 1159 2983 tvoluntariocaelibatuiet

222 3010 317 3073 etiam
329 3010 499 3090 virginitati
512 3011 862 3074 accommodatumt
799 3031 871 3074 rusi
848 3012 977 3074 titutum
998 3013 1158 3094 virginum

111 3119 113 3122 ’
222 3122 394 3182 sacrarum,
410 3105 526 3184 quoda
543 3105 653 3184 primis
667 3105 712 3165 rei
733 3105 838 3167 christ
817 3109 911 3168 trauae
932 3107 1058 3168 saeculis
1078 3107 1159 3169 obti-

221 3199 299 3277 nuit,
317 3197 476 3259 deinde
490 3198 531 3258 ad
545 3197 657 3259 viduas
671 3198 860 3278 perductum
876 3202 933 3260 est.

262 3295 317 3354 Hae
339 3291 477 3371 virgines
501 3309 599 3352 sacrae
615 3295 705 3354 erant
719 3291 856 3372 virgines
876 3291 1066 3354 christiana
1087 3309 1157 3372 quae

222 3386 383 3465 virginitat
384 3404 433 3446 em
446 3403 536 3446 suam
548 3384 579 3444 in
593 3403 705 3446 manus
718 3385 980 3464 episcoporumet
995 3387 1157 3465 presbyte-

222 3497 329 3537 rorum
348 3478 471 3554 publice
486 3478 730 3555 profitebantur,
752 3482 783 3539 et
796 3479 965 3558 aliquando
981 3479 1013 3538 in
1027 3479 1157 3559 virgini·
1239 3543 1240 3556 ,

222 3566 294 3630 tatis
307 3569 465 3646 proposito
480 3569 620 3648 probatae
635 3573 787 3655 tanquam
808 3571 930 3634 Christo
946 3576 1053 3658 nuptae
1069 3574 1156 3642 rela-
