<?xml version="1.0" encoding="UTF-8"?>
<!DOCTYPE html PUBLIC "-//W3C//DTD XHTML 1.0 Transitional//EN"
    "http://www.w3.org/TR/xhtml1/DTD/xhtml1-transitional.dtd">
<html xmlns="http://www.w3.org/1999/xhtml" xml:lang="en" lang="en">
 <head>
  <title>
</title>
<meta http-equiv="Content-Type" content="text/html;charset=utf-8" />
  <meta name='ocr-system' content='tesseract 3.04.00' />
  <meta name='ocr-capabilities' content='ocr_page ocr_carea ocr_par ocr_line ocrx_word'/>
</head>
<body>
  <div class='ocr_page' id='page_1' title='image "./institutionesju03marigoog_0091.png"; bbox 0 0 2518 4144; ppageno 0'>
   <div class='ocr_carea' id='block_1_1' title="bbox 335 369 1081 458">
    <p class='ocr_par' dir='ltr' id='par_1_1' title="bbox 335 369 1081 458">
     <span class='ocr_line' id='line_1_1' title="bbox 335 369 1081 458; baseline 0.008 -33"><span class='ocrx_word' id='word_1_1' title='bbox 335 377 441 425; x_wconf 77' lang='lat' dir='ltr'><strong>ruerus</strong></span> <span class='ocrx_word' id='word_1_2' title='bbox 464 379 618 458; x_wconf 72' lang='lat' dir='ltr'><strong>erremus</strong></span> <span class='ocrx_word' id='word_1_3' title='bbox 638 379 721 426; x_wconf 81' lang='lat' dir='ltr'><strong>rums</strong></span> <span class='ocrx_word' id='word_1_4' title='bbox 743 379 898 428; x_wconf 72' lang='lat' dir='ltr'><strong>ornemur.</strong></span> <span class='ocrx_word' id='word_1_5' title='bbox 1045 369 1081 431; x_wconf 80' lang='lat' dir='ltr'><strong>ol</strong></span> 
     </span>
    </p>
   </div>
   <div class='ocr_carea' id='block_1_2' title="bbox 145 522 1086 1626">
    <p class='ocr_par' dir='ltr' id='par_1_2' title="bbox 146 522 1086 696">
     <span class='ocr_line' id='line_1_2' title="bbox 146 522 1086 604; baseline 0.004 -20"><span class='ocrx_word' id='word_1_6' title='bbox 146 523 344 586; x_wconf 77' lang='lat' dir='ltr'><strong>notissimam</strong></span> <span class='ocrx_word' id='word_1_7' title='bbox 357 522 445 584; x_wconf 87' lang='lat' dir='ltr'><strong>illem</strong></span> <span class='ocrx_word' id='word_1_8' title='bbox 459 523 558 602; x_wconf 88' lang='lat' dir='ltr'><strong>ipsius</strong></span> <span class='ocrx_word' id='word_1_9' title='bbox 569 524 650 604; x_wconf 85' lang='lat' dir='ltr'><strong>juris</strong></span> <span class='ocrx_word' id='word_1_10' title='bbox 671 523 870 602; x_wconf 87' lang='lat' dir='ltr'><strong>divisionem,</strong></span> <span class='ocrx_word' id='word_1_11' title='bbox 881 525 995 602; x_wconf 61' lang='lat' dir='ltr'><strong>meast,</strong></span> <span class='ocrx_word' id='word_1_12' title='bbox 1015 527 1086 590; x_wconf 79' lang='lat' dir='ltr'><strong>uoor&#39;</strong></span> 
     </span>
     <span class='ocr_line' id='line_1_3' title="bbox 146 617 1061 696; baseline 0.002 -18"><span class='ocrx_word' id='word_1_13' title='bbox 146 617 351 678; x_wconf 69' lang='lat' dir='ltr'><strong>etuoousimi.</strong></span> <span class='ocrx_word' id='word_1_14' title='bbox 1057 690 1061 696; x_wconf 25' lang='lat'>¹</span> 
     </span>
    </p>

    <p class='ocr_par' dir='ltr' id='par_1_3' title="bbox 145 710 1081 1346">
     <span class='ocr_line' id='line_1_4' title="bbox 188 710 1080 791; baseline 0.006 -21"><span class='ocrx_word' id='word_1_15' title='bbox 188 710 293 771; x_wconf 84' lang='lat' dir='ltr'><strong>Prima</strong></span> <span class='ocrx_word' id='word_1_16' title='bbox 321 710 426 790; x_wconf 82' lang='lat' dir='ltr'><strong>itaque</strong></span> <span class='ocrx_word' id='word_1_17' title='bbox 459 711 677 789; x_wconf 69' lang='lat' dir='ltr'><strong>complectitur</strong></span> <span class='ocrx_word' id='word_1_18' title='bbox 710 710 912 772; x_wconf 78' lang='lat' dir='ltr'><strong>collectiones</strong></span> <span class='ocrx_word' id='word_1_19' title='bbox 946 729 1016 791; x_wconf 75' lang='lat' dir='ltr'><strong>ques</strong></span> <span class='ocrx_word' id='word_1_20' title='bbox 1039 713 1080 775; x_wconf 84' lang='lat' dir='ltr'><strong>ab</strong></span> 
     </span>
     <span class='ocr_line' id='line_1_5' title="bbox 145 795 1081 884; baseline 0.003 -20"><span class='ocrx_word' id='word_1_21' title='bbox 145 795 803 883; x_wconf 81' lang='lat' dir='ltr'><strong>EcclesiaconditaadsseculumnsqueXll,</strong></span> <span class='ocrx_word' id='word_1_22' title='bbox 813 803 941 884; x_wconf 84' lang='lat' dir='ltr'><strong>quando</strong></span> <span class='ocrx_word' id='word_1_23' title='bbox 949 803 1081 867; x_wconf 85' lang='lat' dir='ltr'><strong>celebris</strong></span> 
     </span>
     <span class='ocr_line' id='line_1_6' title="bbox 145 895 1081 976; baseline 0.002 -20"><span class='ocrx_word' id='word_1_24' title='bbox 145 897 200 956; x_wconf 94' lang='lat' dir='ltr'><strong>ille</strong></span> <span class='ocrx_word' id='word_1_25' title='bbox 225 895 390 957; x_wconf 78' lang='lat' dir='ltr'><strong>Gratianus</strong></span> <span class='ocrx_word' id='word_1_26' title='bbox 411 915 503 958; x_wconf 91' lang='lat' dir='ltr'><strong>suum</strong></span> <span class='ocrx_word' id='word_1_27' title='bbox 516 897 696 976; x_wconf 78' lang='lat' dir='ltr'><strong>compilavit</strong></span> <span class='ocrx_word' id='word_1_28' title='bbox 718 897 881 958; x_wconf 87' lang='lat' dir='ltr'><strong>decretum</strong></span> <span class='ocrx_word' id='word_1_29' title='bbox 898 915 954 958; x_wconf 89' lang='lat' dir='ltr'><strong>seu</strong></span> <span class='ocrx_word' id='word_1_30' title='bbox 966 916 1081 958; x_wconf 82' lang='lat' dir='ltr'><strong>concor·</strong></span> 
     </span>
     <span class='ocr_line' id='line_1_7' title="bbox 145 989 1081 1070; baseline 0.002 -20"><span class='ocrx_word' id='word_1_31' title='bbox 145 989 281 1050; x_wconf 71' lang='lat' dir='ltr'><strong>dentiam</strong></span> <span class='ocrx_word' id='word_1_32' title='bbox 301 989 528 1050; x_wconf 79' lang='lat' dir='ltr'><strong>discordantium</strong></span> <span class='ocrx_word' id='word_1_33' title='bbox 555 1009 706 1052; x_wconf 72' lang='lat' dir='ltr'><strong>romaum.</strong></span> <span class='ocrx_word' id='word_1_34' title='bbox 719 1023 760 1036; x_wconf 88' lang='lat'><strong>--</strong></span> <span class='ocrx_word' id='word_1_35' title='bbox 772 990 919 1051; x_wconf 84' lang='lat' dir='ltr'><strong>Secunda</strong></span> <span class='ocrx_word' id='word_1_36' title='bbox 939 990 1081 1070; x_wconf 82' lang='lat' dir='ltr'><strong>incipite</strong></span> 
     </span>
     <span class='ocr_line' id='line_1_8' title="bbox 146 1081 1081 1146; baseline 0.003 -4"><span class='ocrx_word' id='word_1_37' title='bbox 146 1083 232 1144; x_wconf 85' lang='lat' dir='ltr'><strong>dicto</strong></span> <span class='ocrx_word' id='word_1_38' title='bbox 244 1083 391 1144; x_wconf 76' lang='lat' dir='ltr'><strong>Gradauo</strong></span> <span class='ocrx_word' id='word_1_39' title='bbox 402 1087 433 1144; x_wconf 87' lang='lat' dir='ltr'><strong>et</strong></span> <span class='ocrx_word' id='word_1_40' title='bbox 445 1083 558 1145; x_wconf 82' lang='lat' dir='ltr'><strong>desinit</strong></span> <span class='ocrx_word' id='word_1_41' title='bbox 570 1083 611 1144; x_wconf 86' lang='lat' dir='ltr'><strong>ad</strong></span> <span class='ocrx_word' id='word_1_42' title='bbox 623 1083 791 1145; x_wconf 89' lang='lat' dir='ltr'><strong>concilium</strong></span> <span class='ocrx_word' id='word_1_43' title='bbox 805 1081 1081 1146; x_wconf 74' lang='lat' dir='ltr'><strong>Tridentium.—</strong></span> 
     </span>
     <span class='ocr_line' id='line_1_9' title="bbox 147 1175 1080 1258; baseline 0 -20"><span class='ocrx_word' id='word_1_44' title='bbox 147 1175 256 1238; x_wconf 82' lang='lat' dir='ltr'><strong>&#39;l&#39;erlia</strong></span> <span class='ocrx_word' id='word_1_45' title='bbox 281 1175 383 1254; x_wconf 75' lang='lat' dir='ltr'><strong>pergit</strong></span> <span class='ocrx_word' id='word_1_46' title='bbox 408 1195 428 1236; x_wconf 92' lang='lat' dir='ltr'><strong>a</strong></span> <span class='ocrx_word' id='word_1_47' title='bbox 448 1176 558 1237; x_wconf 89' lang='lat' dir='ltr'><strong>concil.</strong></span> <span class='ocrx_word' id='word_1_48' title='bbox 580 1175 763 1238; x_wconf 76' lang='lat' dir='ltr'><strong>Tridentino</strong></span> <span class='ocrx_word' id='word_1_49' title='bbox 784 1175 825 1236; x_wconf 86' lang='lat' dir='ltr'><strong>ad</strong></span> <span class='ocrx_word' id='word_1_50' title='bbox 850 1180 959 1238; x_wconf 85' lang='lat' dir='ltr'><strong>nostra</strong></span> <span class='ocrx_word' id='word_1_51' title='bbox 979 1195 1080 1258; x_wconf 85' lang='lat' dir='ltr'><strong>usque</strong></span> 
     </span>
     <span class='ocr_line' id='line_1_10' title="bbox 149 1273 846 1346; baseline 0.009 -16"><span class='ocrx_word' id='word_1_52' title='bbox 149 1273 303 1346; x_wconf 88' lang='lat' dir='ltr'><strong>tempora.</strong></span> <span class='ocrx_word' id='word_1_53' title='bbox 842 1329 846 1336; x_wconf 93' lang='lat'>.</span> 
     </span>
    </p>

    <p class='ocr_par' dir='ltr' id='par_1_4' title="bbox 146 1361 1079 1626">
     <span class='ocr_line' id='line_1_11' title="bbox 188 1361 1079 1443; baseline 0.006 -22"><span class='ocrx_word' id='word_1_54' title='bbox 188 1364 327 1440; x_wconf 81' lang='lat' dir='ltr'><strong>Agamus</strong></span> <span class='ocrx_word' id='word_1_55' title='bbox 348 1379 424 1441; x_wconf 78' lang='lat' dir='ltr'><strong>ergo</strong></span> <span class='ocrx_word' id='word_1_56' title='bbox 447 1362 599 1425; x_wconf 87' lang='lat' dir='ltr'><strong>distinctis</strong></span> <span class='ocrx_word' id='word_1_57' title='bbox 625 1363 779 1443; x_wconf 83' lang='lat' dir='ltr'><strong>capitibus</strong></span> <span class='ocrx_word' id='word_1_58' title='bbox 807 1363 847 1425; x_wconf 91' lang='lat' dir='ltr'><strong>de</strong></span> <span class='ocrx_word' id='word_1_59' title='bbox 868 1362 968 1426; x_wconf 83' lang='lat' dir='ltr'><strong>tribus</strong></span> <span class='ocrx_word' id='word_1_60' title='bbox 994 1361 1079 1426; x_wconf 84' lang='lat' dir='ltr'><strong>hisce</strong></span> 
     </span>
     <span class='ocr_line' id='line_1_12' title="bbox 148 1453 1079 1538; baseline 0.005 -24"><span class='ocrx_word' id='word_1_61' title='bbox 148 1453 369 1518; x_wconf 82' lang='lat' dir='ltr'><strong>collectionum</strong></span> <span class='ocrx_word' id='word_1_62' title='bbox 406 1455 628 1517; x_wconf 84' lang='lat' dir='ltr'><strong>canonicorum</strong></span> <span class='ocrx_word' id='word_1_63' title='bbox 659 1456 825 1534; x_wconf 80' lang='lat' dir='ltr'><strong>elassibus,</strong></span> <span class='ocrx_word' id='word_1_64' title='bbox 867 1455 978 1519; x_wconf 89' lang='lat' dir='ltr'><strong>ordine</strong></span> <span class='ocrx_word' id='word_1_65' title='bbox 1016 1473 1079 1538; x_wconf 88' lang='lat' dir='ltr'><strong>quo</strong></span> 
     </span>
     <span class='ocr_line' id='line_1_13' title="bbox 146 1566 255 1626; baseline 0.009 -19"><span class='ocrx_word' id='word_1_66' title='bbox 146 1566 255 1626; x_wconf 87' lang='lat' dir='ltr'><strong>supra.</strong></span> 
     </span>
    </p>
   </div>
   <div class='ocr_carea' id='block_1_3' title="bbox 321 1679 896 1890">
    <p class='ocr_par' dir='ltr' id='par_1_5' title="bbox 321 1679 896 1890">
     <span class='ocr_line' id='line_1_14' title="bbox 458 1679 776 1744; baseline -0.006 -2"><span class='ocrx_word' id='word_1_67' title='bbox 458 1682 588 1744; x_wconf 76' lang='lat' dir='ltr'>CAPUT</span> <span class='ocrx_word' id='word_1_68' title='bbox 609 1679 776 1742; x_wconf 85' lang='lat' dir='ltr'><strong>PRIMUM.</strong></span> 
     </span>
     <span class='ocr_line' id='line_1_15' title="bbox 321 1841 896 1890; baseline 0 -2"><span class='ocrx_word' id='word_1_69' title='bbox 321 1845 360 1888; x_wconf 84' lang='lat' dir='ltr'><strong>us</strong></span> <span class='ocrx_word' id='word_1_70' title='bbox 382 1843 631 1890; x_wconf 77' lang='lat' dir='ltr'><strong>eormemorueus</strong></span> <span class='ocrx_word' id='word_1_71' title='bbox 651 1843 734 1890; x_wconf 81' lang='lat' dir='ltr'><strong>rums</strong></span> <span class='ocrx_word' id='word_1_72' title='bbox 755 1841 896 1888; x_wconf 77' lang='lat' dir='ltr'><strong>vereris.</strong></span> 
     </span>
    </p>
   </div>
   <div class='ocr_carea' id='block_1_4' title="bbox 143 1972 1079 2986">
    <p class='ocr_par' dir='ltr' id='par_1_6' title="bbox 143 1972 1079 2611">
     <span class='ocr_line' id='line_1_16' title="bbox 187 1972 1079 2055; baseline 0 -21"><span class='ocrx_word' id='word_1_73' title='bbox 187 1973 366 2036; x_wconf 84' lang='lat' dir='ltr'><strong>Notandum</strong></span> <span class='ocrx_word' id='word_1_74' title='bbox 394 1979 442 2036; x_wconf 86' lang='lat' dir='ltr'><strong>est</strong></span> <span class='ocrx_word' id='word_1_75' title='bbox 468 1975 553 2055; x_wconf 91' lang='lat' dir='ltr'><strong>quod</strong></span> <span class='ocrx_word' id='word_1_76' title='bbox 572 1991 629 2054; x_wconf 90' lang='lat' dir='ltr'><strong>pro</strong></span> <span class='ocrx_word' id='word_1_77' title='bbox 654 1973 714 2034; x_wconf 87' lang='lat' dir='ltr'><strong>hae</strong></span> <span class='ocrx_word' id='word_1_78' title='bbox 733 1972 836 2054; x_wconf 86' lang='lat' dir='ltr'><strong>prima</strong></span> <span class='ocrx_word' id='word_1_79' title='bbox 855 1973 995 2053; x_wconf 86' lang='lat' dir='ltr'><strong>epocha,</strong></span> <span class='ocrx_word' id='word_1_80' title='bbox 1018 1973 1079 2034; x_wconf 85' lang='lat' dir='ltr'><strong>dii·</strong></span> 
     </span>
     <span class='ocr_line' id='line_1_17' title="bbox 143 2065 1078 2144; baseline -0.002 -16"><span class='ocrx_word' id='word_1_81' title='bbox 143 2067 320 2128; x_wconf 87' lang='lat' dir='ltr'><strong>ficillimum</strong></span> <span class='ocrx_word' id='word_1_82' title='bbox 352 2068 392 2128; x_wconf 85' lang='lat' dir='ltr'><strong>sit</strong></span> <span class='ocrx_word' id='word_1_83' title='bbox 423 2069 611 2129; x_wconf 81' lang='lat' dir='ltr'><strong>uniformem</strong></span> <span class='ocrx_word' id='word_1_84' title='bbox 646 2069 677 2128; x_wconf 88' lang='lat' dir='ltr'><strong>et</strong></span> <span class='ocrx_word' id='word_1_85' title='bbox 709 2065 889 2144; x_wconf 75' lang='lat' dir='ltr'><strong>generalem</strong></span> <span class='ocrx_word' id='word_1_86' title='bbox 916 2082 1078 2127; x_wconf 82' lang='lat' dir='ltr'><strong>serrorum</strong></span> 
     </span>
     <span class='ocr_line' id='line_1_18' title="bbox 143 2155 1078 2240; baseline -0.006 -18"><span class='ocrx_word' id='word_1_87' title='bbox 143 2180 304 2222; x_wconf 88' lang='lat' dir='ltr'><strong>canonum</strong></span> <span class='ocrx_word' id='word_1_88' title='bbox 318 2161 459 2222; x_wconf 89' lang='lat' dir='ltr'><strong>codicem</strong></span> <span class='ocrx_word' id='word_1_89' title='bbox 475 2159 635 2240; x_wconf 91' lang='lat' dir='ltr'><strong>reperire;</strong></span> <span class='ocrx_word' id='word_1_90' title='bbox 653 2157 811 2220; x_wconf 87' lang='lat' dir='ltr'><strong>difficilius</strong></span> <span class='ocrx_word' id='word_1_91' title='bbox 836 2175 912 2218; x_wconf 90' lang='lat' dir='ltr'><strong>vero</strong></span> <span class='ocrx_word' id='word_1_92' title='bbox 935 2155 1032 2232; x_wconf 88' lang='lat' dir='ltr'><strong>hunc,</strong></span> <span class='ocrx_word' id='word_1_93' title='bbox 1052 2156 1078 2217; x_wconf 92' lang='lat' dir='ltr'><strong>si</strong></span> 
     </span>
     <span class='ocr_line' id='line_1_19' title="bbox 144 2247 1078 2336; baseline -0.005 -21"><span class='ocrx_word' id='word_1_94' title='bbox 144 2254 216 2336; x_wconf 87' lang='lat' dir='ltr'><strong>quis</strong></span> <span class='ocrx_word' id='word_1_95' title='bbox 243 2253 337 2314; x_wconf 88' lang='lat' dir='ltr'><strong>etiam</strong></span> <span class='ocrx_word' id='word_1_96' title='bbox 357 2254 437 2316; x_wconf 86' lang='lat' dir='ltr'><strong>forte</strong></span> <span class='ocrx_word' id='word_1_97' title='bbox 451 2253 562 2332; x_wconf 86' lang='lat' dir='ltr'><strong>fuerit,</strong></span> <span class='ocrx_word' id='word_1_98' title='bbox 580 2273 618 2314; x_wconf 82' lang='lat' dir='ltr'><strong>ex</strong></span> <span class='ocrx_word' id='word_1_99' title='bbox 642 2247 806 2314; x_wconf 86' lang='lat' dir='ltr'><strong>vetustatis</strong></span> <span class='ocrx_word' id='word_1_100' title='bbox 833 2247 964 2311; x_wconf 85' lang='lat' dir='ltr'><strong>latebris</strong></span> <span class='ocrx_word' id='word_1_101' title='bbox 987 2266 1078 2328; x_wconf 87' lang='lat' dir='ltr'><strong>posse</strong></span> 
     </span>
     <span class='ocr_line' id='line_1_20' title="bbox 144 2340 1078 2427; baseline -0.006 -19"><span class='ocrx_word' id='word_1_102' title='bbox 144 2347 314 2408; x_wconf 89' lang='lat' dir='ltr'><strong>deducere.</strong></span> <span class='ocrx_word' id='word_1_103' title='bbox 332 2347 421 2410; x_wconf 91' lang='lat' dir='ltr'><strong>Unde</strong></span> <span class='ocrx_word' id='word_1_104' title='bbox 443 2349 478 2408; x_wconf 86' lang='lat' dir='ltr'><strong>fit</strong></span> <span class='ocrx_word' id='word_1_105' title='bbox 495 2346 579 2427; x_wconf 85' lang='lat' dir='ltr'><strong>quod</strong></span> <span class='ocrx_word' id='word_1_106' title='bbox 594 2344 824 2406; x_wconf 84' lang='lat' dir='ltr'><strong>institutionum</strong></span> <span class='ocrx_word' id='word_1_107' title='bbox 839 2342 920 2424; x_wconf 83' lang='lat' dir='ltr'><strong>juris</strong></span> <span class='ocrx_word' id='word_1_108' title='bbox 935 2340 1078 2404; x_wconf 88' lang='lat' dir='ltr'><strong>canonici</strong></span> 
     </span>
     <span class='ocr_line' id='line_1_21' title="bbox 144 2435 1078 2522; baseline -0.006 -20"><span class='ocrx_word' id='word_1_109' title='bbox 144 2444 302 2518; x_wconf 87' lang='lat' dir='ltr'><strong>auctores,</strong></span> <span class='ocrx_word' id='word_1_110' title='bbox 310 2441 403 2522; x_wconf 88' lang='lat' dir='ltr'><strong>hujus</strong></span> <span class='ocrx_word' id='word_1_111' title='bbox 418 2440 519 2502; x_wconf 82' lang='lat' dir='ltr'><strong>aetatis</strong></span> <span class='ocrx_word' id='word_1_112' title='bbox 532 2439 730 2500; x_wconf 89' lang='lat' dir='ltr'><strong>collectiones</strong></span> <span class='ocrx_word' id='word_1_113' title='bbox 740 2437 773 2497; x_wconf 94' lang='lat' dir='ltr'><strong>in</strong></span> <span class='ocrx_word' id='word_1_114' title='bbox 788 2437 866 2498; x_wconf 83' lang='lat' dir='ltr'><strong>duas</strong></span> <span class='ocrx_word' id='word_1_115' title='bbox 874 2435 989 2498; x_wconf 86' lang='lat' dir='ltr'><strong>classes</strong></span> <span class='ocrx_word' id='word_1_116' title='bbox 1001 2435 1078 2498; x_wconf 85' lang='lat' dir='ltr'><strong>divi-</strong></span> 
     </span>
     <span class='ocr_line' id='line_1_22' title="bbox 143 2529 934 2611; baseline -0.005 -17"><span class='ocrx_word' id='word_1_117' title='bbox 143 2535 234 2611; x_wconf 88' lang='lat' dir='ltr'><strong>dunt,</strong></span> <span class='ocrx_word' id='word_1_118' title='bbox 245 2533 277 2594; x_wconf 90' lang='lat' dir='ltr'><strong>in</strong></span> <span class='ocrx_word' id='word_1_119' title='bbox 290 2534 489 2596; x_wconf 87' lang='lat' dir='ltr'><strong>collectiones</strong></span> <span class='ocrx_word' id='word_1_120' title='bbox 503 2536 684 2594; x_wconf 82' lang='lat' dir='ltr'><strong>Graecorum</strong></span> <span class='ocrx_word' id='word_1_121' title='bbox 694 2535 726 2592; x_wconf 87' lang='lat' dir='ltr'><strong>et</strong></span> <span class='ocrx_word' id='word_1_122' title='bbox 740 2529 934 2592; x_wconf 85' lang='lat' dir='ltr'><strong>Latinorum.</strong></span> 
     </span>
    </p>

    <p class='ocr_par' dir='ltr' id='par_1_7' title="bbox 143 2623 1078 2986">
     <span class='ocr_line' id='line_1_23' title="bbox 185 2623 1078 2708; baseline -0.007 -21"><span class='ocrx_word' id='word_1_123' title='bbox 185 2629 276 2688; x_wconf 87' lang='lat' dir='ltr'><strong>Hunc</strong></span> <span class='ocrx_word' id='word_1_124' title='bbox 286 2631 452 2708; x_wconf 86' lang='lat' dir='ltr'><strong>sequentes</strong></span> <span class='ocrx_word' id='word_1_125' title='bbox 463 2626 616 2703; x_wconf 86' lang='lat' dir='ltr'><strong>ordinem,</strong></span> <span class='ocrx_word' id='word_1_126' title='bbox 626 2625 659 2686; x_wconf 91' lang='lat' dir='ltr'><strong>in</strong></span> <span class='ocrx_word' id='word_1_127' title='bbox 671 2623 861 2703; x_wconf 89' lang='lat' dir='ltr'><strong>prooemium</strong></span> <span class='ocrx_word' id='word_1_128' title='bbox 871 2625 986 2682; x_wconf 78' lang='lat' dir='ltr'><strong>nostra</strong></span> <span class='ocrx_word' id='word_1_129' title='bbox 998 2623 1078 2682; x_wconf 85' lang='lat' dir='ltr'><strong>trac·</strong></span> 
     </span>
     <span class='ocr_line' id='line_1_24' title="bbox 143 2711 1077 2800; baseline -0.006 -18"><span class='ocrx_word' id='word_1_130' title='bbox 143 2719 282 2798; x_wconf 86' lang='lat' dir='ltr'><strong>tationis,</strong></span> <span class='ocrx_word' id='word_1_131' title='bbox 299 2739 429 2800; x_wconf 81' lang='lat' dir='ltr'><strong>agemus</strong></span> <span class='ocrx_word' id='word_1_132' title='bbox 442 2721 481 2780; x_wconf 94' lang='lat' dir='ltr'><strong>de</strong></span> <span class='ocrx_word' id='word_1_133' title='bbox 503 2719 689 2782; x_wconf 79' lang='lat' dir='ltr'><strong>auctoritate</strong></span> <span class='ocrx_word' id='word_1_134' title='bbox 705 2716 787 2776; x_wconf 90' lang='lat' dir='ltr'><strong>illius</strong></span> <span class='ocrx_word' id='word_1_135' title='bbox 801 2711 992 2776; x_wconf 89' lang='lat' dir='ltr'><strong>collectionis</strong></span> <span class='ocrx_word' id='word_1_136' title='bbox 1007 2732 1077 2794; x_wconf 80' lang='lat' dir='ltr'><strong>quae</strong></span> 
     </span>
     <span class='ocr_line' id='line_1_25' title="bbox 143 2805 1075 2892; baseline -0.005 -19"><span class='ocrx_word' id='word_1_137' title='bbox 143 2813 204 2873; x_wconf 89' lang='lat' dir='ltr'><strong>suh</strong></span> <span class='ocrx_word' id='word_1_138' title='bbox 219 2815 433 2892; x_wconf 88' lang='lat' dir='ltr'><strong>apostolorum</strong></span> <span class='ocrx_word' id='word_1_139' title='bbox 447 2812 573 2874; x_wconf 91' lang='lat' dir='ltr'><strong>nomine</strong></span> <span class='ocrx_word' id='word_1_140' title='bbox 590 2809 746 2885; x_wconf 83' lang='lat' dir='ltr'><strong>usuvenit,</strong></span> <span class='ocrx_word' id='word_1_141' title='bbox 768 2808 807 2869; x_wconf 94' lang='lat' dir='ltr'><strong>de</strong></span> <span class='ocrx_word' id='word_1_142' title='bbox 823 2805 1075 2868; x_wconf 66' lang='lat' dir='ltr'><strong>concitatoribus</strong></span> 
     </span>
     <span class='ocr_line' id='line_1_26' title="bbox 143 2904 693 2986; baseline -0.004 -20"><span class='ocrx_word' id='word_1_143' title='bbox 143 2925 259 2986; x_wconf 90' lang='lat' dir='ltr'><strong>nempe</strong></span> <span class='ocrx_word' id='word_1_144' title='bbox 275 2910 305 2968; x_wconf 90' lang='lat' dir='ltr'><strong>et</strong></span> <span class='ocrx_word' id='word_1_145' title='bbox 316 2907 472 2968; x_wconf 80' lang='lat' dir='ltr'><strong>canonibus</strong></span> <span class='ocrx_word' id='word_1_146' title='bbox 487 2904 693 2986; x_wconf 65' lang='lat' dir='ltr'><strong>apostolerum.</strong></span> 
     </span>
    </p>
   </div>
   <div class='ocr_carea' id='block_1_5' title="bbox 331 3035 768 3143">
    <p class='ocr_par' dir='ltr' id='par_1_8' title="bbox 331 3035 768 3143">
     <span class='ocr_line' id='line_1_27' title="bbox 331 3035 768 3143; baseline -0.021 -24"><span class='ocrx_word' id='word_1_147' title='bbox 331 3131 337 3143; x_wconf 47' lang='grc'><strong><em>,</em></strong></span> <span class='ocrx_word' id='word_1_148' title='bbox 413 3035 416 3040; x_wconf 80' lang='grc'><strong>’</strong></span> <span class='ocrx_word' id='word_1_149' title='bbox 449 3059 626 3116; x_wconf 78' lang='lat' dir='ltr'><strong>acridanus</strong></span> <span class='ocrx_word' id='word_1_150' title='bbox 642 3057 768 3113; x_wconf 80' lang='lat' dir='ltr'><strong>neruus.</strong></span> 
     </span>
    </p>
   </div>
   <div class='ocr_carea' id='block_1_6' title="bbox 348 3200 873 3263">
    <p class='ocr_par' dir='ltr' id='par_1_9' title="bbox 348 3200 873 3263">
     <span class='ocr_line' id='line_1_28' title="bbox 348 3200 873 3263; baseline -0.01 -19"><span class='ocrx_word' id='word_1_151' title='bbox 348 3208 383 3246; x_wconf 76' lang='lat' dir='ltr'><strong>llll</strong></span> <span class='ocrx_word' id='word_1_152' title='bbox 400 3203 665 3263; x_wconf 61' lang='lat' dir='ltr'><strong>commemoremus</strong></span> <span class='ocrx_word' id='word_1_153' title='bbox 688 3200 873 3242; x_wconf 75' lang='lat' dir='ltr'><strong>nrosroulurs.</strong></span> 
     </span>
    </p>
   </div>
   <div class='ocr_carea' id='block_1_7' title="bbox 142 3313 1079 3574">
    <p class='ocr_par' dir='ltr' id='par_1_10' title="bbox 142 3313 1079 3574">
     <span class='ocr_line' id='line_1_29' title="bbox 185 3313 1075 3403; baseline -0.019 -15"><span class='ocrx_word' id='word_1_154' title='bbox 185 3328 208 3388; x_wconf 89' lang='lat' dir='ltr'><strong>l.</strong></span> <span class='ocrx_word' id='word_1_155' title='bbox 240 3327 325 3388; x_wconf 89' lang='lat' dir='ltr'><strong>luter</strong></span> <span class='ocrx_word' id='word_1_156' title='bbox 363 3328 471 3386; x_wconf 86' lang='lat' dir='ltr'><strong>vetera</strong></span> <span class='ocrx_word' id='word_1_157' title='bbox 499 3320 579 3403; x_wconf 86' lang='lat' dir='ltr'><strong>juris</strong></span> <span class='ocrx_word' id='word_1_158' title='bbox 614 3317 816 3382; x_wconf 84' lang='lat' dir='ltr'><strong>ecelesiastici</strong></span> <span class='ocrx_word' id='word_1_159' title='bbox 851 3313 1075 3388; x_wconf 80' lang='lat' dir='ltr'><strong>monumento,</strong></span> 
     </span>
     <span class='ocr_line' id='line_1_30' title="bbox 142 3401 1079 3498; baseline -0.019 -16"><span class='ocrx_word' id='word_1_160' title='bbox 142 3439 244 3481; x_wconf 91' lang='lat' dir='ltr'><strong>unum</strong></span> <span class='ocrx_word' id='word_1_161' title='bbox 256 3423 377 3498; x_wconf 86' lang='lat' dir='ltr'><strong>prostat</strong></span> <span class='ocrx_word' id='word_1_162' title='bbox 392 3416 641 3491; x_wconf 85' lang='lat' dir='ltr'><strong>celeberrimum,</strong></span> <span class='ocrx_word' id='word_1_163' title='bbox 658 3413 810 3491; x_wconf 88' lang='lat' dir='ltr'><strong>hocopus</strong></span> <span class='ocrx_word' id='word_1_164' title='bbox 825 3411 894 3472; x_wconf 81' lang='lat' dir='ltr'><strong>Vlll</strong></span> <span class='ocrx_word' id='word_1_165' title='bbox 912 3402 1002 3466; x_wconf 88' lang='lat' dir='ltr'><strong>libris</strong></span> <span class='ocrx_word' id='word_1_166' title='bbox 1017 3401 1079 3464; x_wconf 90' lang='lat' dir='ltr'><strong>dis·</strong></span> 
     </span>
     <span class='ocr_line' id='line_1_31' title="bbox 142 3513 973 3574; baseline -0.02 0"><span class='ocrx_word' id='word_1_167' title='bbox 142 3513 288 3574; x_wconf 86' lang='lat' dir='ltr'><strong>tinctum.</strong></span> <span class='ocrx_word' id='word_1_168' title='bbox 386 3531 388 3536; x_wconf 94' lang='lat'>·</span> <span class='ocrx_word' id='word_1_169' title='bbox 971 3515 973 3520; x_wconf 89' lang='lat'>·</span> 
     </span>
    </p>
   </div>
   <div class='ocr_carea' id='block_1_8' title="bbox 183 3587 1073 3746">
    <p class='ocr_par' dir='ltr' id='par_1_11' title="bbox 183 3587 1073 3746">
     <span class='ocr_line' id='line_1_32' title="bbox 183 3587 1073 3671; baseline -0.017 -4"><span class='ocrx_word' id='word_1_170' title='bbox 183 3605 280 3668; x_wconf 84' lang='lat' dir='ltr'><strong>Primi</strong></span> <span class='ocrx_word' id='word_1_171' title='bbox 304 3625 358 3666; x_wconf 87' lang='lat' dir='ltr'><strong>sex</strong></span> <span class='ocrx_word' id='word_1_172' title='bbox 382 3604 454 3666; x_wconf 85' lang='lat' dir='ltr'><strong>libri</strong></span> <span class='ocrx_word' id='word_1_173' title='bbox 480 3601 640 3665; x_wconf 86' lang='lat' dir='ltr'><strong>continent</strong></span> <span class='ocrx_word' id='word_1_174' title='bbox 661 3599 791 3659; x_wconf 89' lang='lat' dir='ltr'><strong>brevem</strong></span> <span class='ocrx_word' id='word_1_175' title='bbox 817 3587 979 3671; x_wconf 85' lang='lat' dir='ltr'><strong>synopsim</strong></span> <span class='ocrx_word' id='word_1_176' title='bbox 1000 3587 1073 3652; x_wconf 72' lang='lat' dir='ltr'><strong>vitre</strong></span> 
     </span>
     <span class='ocr_line' id='line_1_33' title="bbox 940 3693 968 3746; baseline 0 -30"><span class='ocrx_word' id='word_1_177' title='bbox 940 3693 968 3746; x_wconf 72' lang='lat' dir='ltr'><strong>t*</strong></span> 
     </span>
    </p>
   </div>
   <div class='ocr_carea' id='block_1_9' title="bbox 0 0 1264 4144">
    <p class='ocr_par' dir='ltr' id='par_1_12' title="bbox 0 0 1264 4144">
     <span class='ocr_line' id='line_1_34' title="bbox 0 0 1264 4144; baseline 0 1"><span class='ocrx_word' id='word_1_178' title='bbox 0 0 1264 4144; x_wconf 95' lang='lat' dir='ltr'><strong> </strong></span> 
     </span>
    </p>
   </div>
  </div>
 </body>
</html>
