2542 4122
182 225 241 286 228
391 235 621 306 rnsrrrnnouss
640 237 724 282 sunm
744 236 900 282 monor.

184 399 296 460 nempe
311 379 362 441 alii
376 380 558 459 episcopum
569 400 633 461 qua
646 381 831 462 principem,
847 381 899 441 alii
914 399 980 460 qna
991 383 1115 459 pabern

184 475 462 554 repraesentarent;
483 475 515 534 et
538 491 617 553 quos
646 478 780 553 patema
797 473 934 534 charitas
957 473 991 532 in
1013 473 1115 534 officio

184 566 345 630 continere
374 583 437 627 non
459 566 594 644 valeret,
620 566 771 646 principis
792 565 914 645 justitie
935 569 1113 626 coerceret.

186 660 237 724 Sic
260 659 367 740 aliqua
386 662 522 720 externae
549 659 735 738 episcopalis
749 658 978 738 jurisdictionis
1004 659 1115 720 chore-

184 751 320 834 piscopis
351 751 464 814 collata
490 753 538 812 est
562 752 753 832 antiquitus,
781 771 852 832 quae
870 751 966 812 hodie
991 751 1116 812 vicariis

186 845 322 908 toraneis
350 844 522 925 gerendam
536 844 751 922 committitur,
770 849 806 906 ut
819 863 933 923 nempe
947 845 982 904 in
995 844 1117 923 oppidis

187 941 218 1002 et
232 939 263 1000 in
280 937 370 1018 pagis
386 937 596 1016 principatum
612 937 750 1016 episcopi
762 938 868 1016 aliquo
886 937 983 998 modo
1003 957 1118 1016 repre-

187 1033 357 1094 sentarent.
372 1032 508 1091 Paterna
524 1034 631 1091 autem
652 1031 822 1092 auctoritas
839 1031 987 1108 delegata
1004 1035 1053 1090 est
1067 1047 1119 1108 pa·

188 1123 302 1199 rochis,
326 1121 379 1203 qui
412 1141 495 1184 curae
521 1125 552 1183 et
578 1123 670 1183 saluti
705 1122 884 1182 animarum
905 1123 1116 1183 consulerent.

188 1216 308 1296 Duplex
326 1214 421 1294 igitur
435 1213 494 1276 erit
505 1215 573 1276 haec
593 1213 788 1276 tractatic'iu
808 1233 886 1294 qua,
903 1217 934 1275 1⁰
948 1214 989 1274 dc
1011 1214 1121 1275 chore-

188 1307 323 1388 piscopis
350 1310 381 1368 et
398 1307 523 1368 vicariis
543 1307 695 1390 foraneus,
721 1310 880 1386 postremo
909 1306 949 1366 de
973 1306 1118 1385 parochis

189 1418 329 1480 agemus.

423 1560 440 1600 t.
455 1559 485 1598 nc
498 1557 654 1607 chorepiscopo
665 1561 687 1598 at
696 1557 780 1598 oceno
788 1557 886 1597 maneta

230 1678 309 1738 Cum
330 1673 480 1736 dioeceses
495 1676 683 1756 generaliter
696 1675 854 1756 loquendo
866 1675 900 1734 in
913 1675 1008 1754 plura
1020 1677 1124 1738 vicina

191 1767 308 1848 oppida
322 1766 371 1829 vel
391 1767 542 1828 suburbia
561 1787 628 1829 sese
648 1768 853 1848 protendunt,
874 1785 938 1828 nou
952 1773 1123 1846 potnerunt

192 1859 330 1941 episcopi
354 1859 386 1920 in
401 1859 539 1920 ecclesiis
561 1860 793 1921 cathedralibus
812 1859 1001 1938 residenteS‚
1017 1879 1076 1940 per
1091 1880 1123 1922 se

191 1951 370 2014 immediate
397 1952 558 2014 consulere
587 1952 731 2014 omnibus
758 1953 891 2032 negotiis
916 1952 1120 2031 dioecesanis,

192 2045 365 2126 praesertim
387 2044 423 2106 iis
441 2063 510 2125 quae
530 2045 561 2104 in
583 2045 660 2106 locis
683 2045 903 2107 remotioribus
922 2045 1119 2107 eveniebant.

192 2139 281 2202 Unde
301 2141 502 2217 prototypum
517 2137 640 2217 sequuti
654 2130 800 2200 Ecclesiae
815 2138 1018 2214 universalis,
1036 2138 1122 2218 cujus
1242 2135 1243 2164 ¹

193 2235 300 2308 pastor
322 2249 487 2310 supremus
506 2229 625 2310 legatos
644 2230 694 2290 vel
708 2230 843 2292 vicarios
862 2249 936 2291 suos
954 2231 1068 2308 mittit,
1091 2233 1124 2290 nt

192 2339 249 2400 per
264 2340 317 2384 eos
332 2323 464 2402 negotiis
479 2322 620 2384 consulat
638 2322 751 2402 quibus
765 2323 934 2402 praesentia
948 2341 1006 2384 sua
1020 2323 1123 2403 provi-

194 2412 268 2474 dere
279 2413 397 2491 nequit,
410 2413 467 2491 ipsi
477 2432 602 2494 quoque
614 2414 646 2475 in
657 2415 795 2476 ecclesiis
804 2415 962 2476 ruralibus
971 2417 1122 2495 quosdam

193 2504 422 2568 constituerunt
434 2504 567 2568 vicarios
581 2525 654 2568 suos
667 2507 720 2587 qui
735 2507 951 2587 chorepiscopi
964 2509 1039 2570 dicti
1054 2511 1123 2570 suut

194 2599 262 2681 (απο
274 2620 323 2660 του
337 2597 456 2680 χωρσυ),
469 2598 557 2679 quasi
572 2599 709 2679 episcopi
721 2600 852 2661 rurales.

233 2695 399 2756 Decentant
427 2693 477 2754 hic
499 2691 667 2759 canonistas
691 2692 723 2752 in
748 2693 987 2755 determinando
1016 2693 1121 2756 ordine

194 2786 383 2864 competenti
399 2785 471 2846 huic
486 2784 598 2865 gradui
609 2785 811 2847 auctoritatis,
829 2788 908 2846 Nam
921 2805 1020 2866 quum
1032 2786 1123 2847 vidis

194 2880 264 2939 sent
287 2877 454 2956 aliquando
474 2877 534 2938 illis
556 2876 685 2938 concedi
706 2877 858 2957 quasdam
876 2879 1053 2940 functiones
1076 2896 1123 2938 or-

195 2970 275 3033 dinis
284 2969 643 3049 episcopalis‚aliquibus
651 2969 1121 3049 prohiberi,dixeruntnonnulli

195 3057 357 3145 episcopos
379 3081 432 3124 eos
447 3062 558 3138 fuisse,
580 3062 633 3122 alii
651 3062 807 3142 simplices
830 3063 1043 3142 presbyteros.
1061 3065 1123 3123 Ncc

195 3157 363 3220 defuerunt
377 3155 430 3236 qui
443 3153 582 3216 medium
592 3155 735 3216 ordinem
746 3155 827 3218 inter
844 3160 1012 3236 utrumque
1028 3156 1123 3216 confi-

194 3253 317 3312 xerunt.
327 3249 434 3312 Sedlis
444 3247 617 3326 composita
627 3266 694 3309 esse
705 3247 1032 3311 videturchnedicto
1042 3249 1120 3324 XIV,

195 3343 234 3403 de
252 3361 321 3421 syn.
343 3343 469 3403 dioeces.
491 3339 513 3400 l.
529 3341 564 3416 3,
591 3358 659 3420 cap.
679 3345 709 3419 3,
733 3341 786 3423 qni
806 3341 967 3404 constituit
982 3339 1122 3401 ordinem

194 3433 269 3495 buis
289 3434 401 3513 gradui
417 3433 646 3510 competentem
667 3433 825 3496 ordinario
847 3433 942 3495 fuisse
961 3433 1122 3512 presbytc-
