2540 4132
383 543 385 547 ’
408 531 674 598 morano
695 531 977 598 osannam.

265 709 288 770 1.
307 706 465 771 Generalis
475 705 582 768 autem
595 707 663 768 baec
678 701 897 768 determinatio
912 705 1025 766 horum
1036 703 1150 785 jurium

226 804 257 864 at
269 800 455 876 officiorum,
475 817 572 879 quum
593 797 1027 875 nitatur‚velutfundamento
1039 816 1107 874 sno,
1120 798 1150 860 iu

226 896 309 956 stetu
323 892 459 973 juridico
475 910 536 971 quo
551 892 670 971 gaudet
682 891 832 968 Ecclesia,
848 890 922 968 inde
935 890 971 950 tlt
987 891 1074 971 quod
1090 893 1152 952 tota

225 985 293 1048 baeo
311 985 466 1065 generalis
486 975 630 1046 tractatio
656 985 688 1044 in
710 984 742 1044 id
763 983 930 1044 resolvitur
951 985 987 1042 ut
1001 981 1151 1062 juridicus

225 1079 276 1140 hic
289 1077 435 1139 Ecclesiae
449 1081 547 1139 status
558 1077 794 1139 determinetur.

263 1171 514 1233 PorroEcclesia
528 1170 644 1249 duplici
664 1171 722 1230 sub
741 1172 869 1248 aspectu
889 1167 1083 1230 considerari
1100 1187 1151 1248 pe

223 1253 296 1342 test,
311 1265 464 1344 quatenus
475 1281 587 1342 nempe
600 1266 647 1324 est
656 1262 786 1323 visibilis
799 1263 850 1322 vel
859 1260 1023 1322 invisibilis
1038 1281 1046 1322 :

264 1356 328 1419 Sub
349 1355 458 1417 ultimo
479 1357 607 1434 aspectu
633 1355 712 1416 nihil
729 1354 815 1415 aliud
835 1357 882 1415 est
905 1353 1047 1414 Ecclesia
1063 1373 1152 1434 quarn

224 1448 400 1510 animarum
418 1447 551 1509 societas
567 1465 648 1527 quae,
666 1465 723 1525 pro
739 1447 891 1528 principio
908 1446 1151 1525 aggregationis,

223 1539 318 1600 habet
337 1540 473 1619 gratiam
494 1539 623 1616 Christi,
644 1557 701 1618 pro
719 1539 779 1620 fine
797 1538 894 1599 vitam
914 1541 1084 1615 aeternam,
1100 1556 1152 1616 pro

222 1630 324 1692 mediis
332 1633 526 1710 theologales
540 1632 681 1693 virtutes.
697 1631 761 1694 Sub
774 1631 835 1692 hoc
849 1633 978 1709 aspectu
996 1630 1043 1690 sic
1057 1631 1154 1692 consi-

222 1723 341 1800 derata,
357 1723 496 1784 Ecclesia
510 1724 613 1802 potius
631 1728 678 1785 est
693 1723 850 1803 objectum
863 1722 937 1783 fidei
953 1741 1052 1802 quam
1065 1723 1151 1804 juris.
1253 1759 1254 1772 2

198 1806 200 1811 ’
261 1815 360 1895 Hujus
370 1815 527 1877 societatis
541 1816 643 1878 forma
656 1815 849 1878 theocratica
859 1819 917 1892 est,
931 1815 1091 1895 siquidem
1100 1816 1154 1876 im·
1253 1799 1254 1826 ¹

220 1907 356 1970 mediate
372 1927 391 1969 a
409 1909 474 1970 Deo
494 1913 590 1970 recta.
612 1911 710 1970 Nemo
731 1909 814 1969 enim
836 1909 930 1970 datur
948 1908 1003 1988 qui
1025 1909 1154 1989 imperet

219 2005 334 2084 praeter
354 2001 457 2081 ipsum
485 2003 600 2079 Deum,
627 2001 683 2062 sed
711 2020 820 2062 omnes
840 2001 985 2068 omnibus
1007 2001 1153 2080 prodesse

218 2097 349 2176 possunt
367 2112 425 2173 per
446 2093 702 2156 intercessionem
721 2094 805 2174 apud
828 2097 938 2154 Deum.
961 2095 1036 2156 Haeo
1052 2098 1154 2157 autem
1253 2167 1254 2178 χ

218 2187 398 2251 intercessio
427 2185 528 2265 magis
560 2186 610 2247 vel
637 2185 740 2246 minus
766 2185 914 2264 prodest,
939 2189 1008 2248 tum
1034 2187 1154 2249 ratione
1253 2217 1254 2220 ¹

218 2281 314 2357 modi,
330 2283 398 2342 tum
413 2279 532 2340 ratione
551 2278 732 2358 qualitatis:
749 2279 871 2340 ratione
890 2278 988 2354 modi,
1010 2279 1152 2357 specialis

217 2376 346 2449 praestat
363 2371 502 2450 generali
515 2391 522 2444 ;
537 2371 658 2432 ratione
679 2371 853 2450 qualitatis,
872 2371 955 2432 illius
968 2389 1083 2449 nempe
1100 2371 1149 2451 qui

217 2462 304 2522 illem
318 2466 451 2539 exercet,
469 2467 500 2524 et
514 2463 648 2524 habetur
660 2464 692 2523 in
710 2463 832 2526 ratione
850 2464 972 2526 directa
983 2463 1150 2542 perlectio-

217 2553 265 2615 nis
286 2554 519 2617 intercedentis.
543 2555 694 2617 Omnibus
714 2574 778 2616 una
803 2559 933 2634 praeest,
957 2573 1072 2634 nempe
1094 2556 1150 2616 im·

217 2647 1146 2728 maculataBeataVirgoMariahujussocietatisregiua,etc.

258 2743 346 2801 Nunc
361 2741 400 2800 de
415 2739 554 2801 Ecclesia
568 2743 719 2819 tanquam
733 2740 844 2802 vehibili
859 2760 870 2802 .·
890 2744 920 2802 1ο
935 2739 1079 2802 Christus
1096 2757 1148 2802 vo-

215 2830 273 2892 luit
293 2835 438 2894 naturam
459 2835 600 2894 nostram
625 2849 682 2911 per
703 2833 838 2912 gratiam
864 2832 1036 2894 sublimare
1055 2833 1149 2894 itaut

216 2924 329 2982 nature
355 2941 373 2982 a
399 2923 501 3002 gratia
524 2927 701 2986 remaneret
731 2925 889 3003 absorpta.
914 2927 1013 2986 Porro
1043 2927 1148 2986 nostra
1253 2973 1254 2986 ,

214 3013 285 3076 talis
300 3017 347 3075 est
365 3018 400 3076 ut
417 3015 513 3077 talem
531 3016 704 3078 habeamus
718 3016 862 3079 habitum
881 3017 922 3078 ad
937 3016 1098 3078 sensibilia
1115 3019 1150 3078 ut

214 3105 424 3169 mediantibus
438 3107 611 3171 visibilibus
632 3108 800 3171 invisibilia
819 3107 1027 3187 suscipiamus
1049 3112 1081 3169 et
1095 3127 1149 3168 ex-

213 3198 397 3279 primamus.
425 3201 515 3262 Unde
546 3201 686 3264 Christus
718 3202 878 3264 hominem
904 3200 1146 3280 redempturus,

214 3310 286 3354 cum
301 3296 383 3354 esset
393 3292 556 3356 invisibilis
570 3293 602 3354 in
618 3295 691 3372 suis,
708 3294 840 3357 visibilis
854 3295 955 3356 factus
971 3297 1021 3356 est
1032 3293 1064 3354 in
1077 3311 1149 3354 uos-

212 3385 279 3447 tris.
298 3385 350 3448 Sic
370 3389 401 3448 et
416 3385 555 3448 condidit
578 3386 733 3448 visibilem
749 3387 831 3464 inter
850 3385 993 3448 homines
1014 3385 1149 3448 societa-

213 3479 278 3535 tem
292 3495 362 3557 quae
375 3477 416 3538 ad
430 3477 519 3538 illum
533 3477 720 3539 invisibilem
735 3479 875 3540 medium
889 3480 981 3556 esset,
998 3477 1089 3558 cujus
1100 3481 1149 3538 est

214 3579 328 3628 anima.
