2540 4132
234 282 292 354 110
443 293 671 340 lusnrnrrouus
691 295 774 342 rums
797 297 951 342 tancmer.

232 440 307 509 Quae
321 437 446 516 partitio
467 435 584 498 deinde
603 442 755 517 tanquam
769 443 954 518 prototypus
973 459 993 500 a
1008 442 1166 520 sequenti·

230 529 289 590 bus
304 530 523 591 collectoribus
538 531 748 591 Decretalium
761 532 870 592 habita
883 537 939 594 est.

269 623 321 684 IV.
347 623 524 684 Secundam
544 623 760 684 collectionem
775 626 985 686 Decretalium
999 627 1165 706 fecerunt,

231 715 289 775 sub
304 715 469 776 Caelestino
484 717 544 790 III,
563 716 718 776 Gilbcrtus
734 717 831 777 abbas
854 721 884 778 et
896 720 1031 797 AlanuS,
1048 722 1168 800 episco-

231 825 289 886 pus
304 807 585 884 AntisiodorensiS,
604 807 655 887 qui
669 809 775 886 plures
792 811 1031 873 constitutiones
1050 815 1168 875 Goeles-

229 899 285 960 tini
300 901 340 959 ΙΙΙ
356 900 560 977 collegerunt.

271 991 332 1052 Sed
358 991 471 1051 horum
492 991 678 1052 industriam
702 994 778 1055 vicit
804 1015 886 1056 anno
912 999 1006 1074 1202,
1038 999 1166 1078 quidam
1254 967 1255 1046 Ῑ

229 1085 365 1146 Joannes
388 1084 557 1161 GallensiS,
573 1105 627 1144 seu
640 1133 648 1162 ,
663 1089 697 1146 ut
709 1088 761 1147 alii
783 1089 909 1166 volunt,
926 1090 1100 1170 vallensis,
1117 1095 1165 1174 qui

229 1195 304 1236 usus
326 1176 506 1236 collectione
527 1177 593 1255 jam
607 1179 756 1256 ¹perfecta
783 1199 802 1240 a
828 1181 965 1244 Gilberto
989 1188 1021 1244 et
1043 1187 1163 1264 Alano,

229 1287 343 1328 novam
356 1267 421 1346 ipse
437 1269 548 1346 edidit,
575 1270 698 1332 insertis
714 1272 808 1332 etiam
831 1275 920 1335 novis
936 1277 1165 1340 constitutioni-

228 1361 287 1420 bus
296 1360 453 1422 Coelestini
465 1363 622 1433 HLQuare
630 1364 748 1424 factum
760 1369 806 1426 est
815 1370 850 1427 ut
859 1369 1026 1430 obscurato
1039 1373 1164 1432 nomine

228 1453 352 1512 illorum
367 1453 501 1513 duorum
516 1455 727 1534 collectorum,
737 1477 849 1536 nempe
864 1460 992 1522 Gilherti
1009 1467 1042 1523 et
1060 1465 1162 1542 Alani,
1254 1513 1255 1538 ,

229 1545 297 1606 haec
325 1546 465 1606 collectio
486 1547 569 1607 facta
591 1565 610 1606 a
630 1550 751 1609 loanne
785 1552 920 1612 Gallensi
943 1557 1099 1634 tanquam
1121 1577 1164 1618 se·

228 1639 332 1698 cunda
344 1639 485 1699 collectio
501 1641 710 1700 Decretalium
725 1643 834 1704 habita
849 1649 905 1707 est.

268 1729 330 1791 Sed
341 1729 432 1806 copia
443 1732 652 1792 Decretalium
664 1736 878 1796 Romanorum
884 1739 1073 1802 Pontificum
1085 1761 1163 1804 cres·

228 1822 319 1882 cebat
332 1821 365 1880 in
383 1821 468 1898 dica,
486 1825 661 1900 prasertim
683 1826 741 1887 sub
759 1829 942 1906 pontificatu
964 1835 1072 1896 lunoc.
1103 1838 1161 1913 ΙΙΙ,

228 1913 280 1993 qui
296 1913 462 1975 Caelestino
474 1917 514 1975 Ill
526 1923 729 1980 successerat.
745 1921 819 1999 Hic,
835 1941 907 1982 cum
928 1929 1025 2004 esset,
1051 1932 1121 1989 tum
1133 1930 1161 1989 in

226 2024 317 2066 sacra
332 2005 508 2084 theologia,
526 2011 593 2068 tum
608 2010 639 2068 in
655 2014 789 2091 utroque
801 2013 873 2093 jure
886 2018 1098 2094 peritissimus
1111 2069 1119 2100 ,
1134 2027 1163 2083 et

226 2098 319 2177 longo
334 2101 495 2176 tempore,
513 2100 552 2159 ab
565 2119 646 2162 anno
663 2106 739 2166 1198
758 2125 857 2186 usqne
873 2109 913 2169 ad
928 2129 1048 2172 annum
1067 2117 1159 2192 1216,

226 2191 440 2270 pontificatum
463 2192 578 2270 gessit,
604 2195 755 2271 plurimas
781 2199 879 2262 edidit
904 2205 1159 2284 constitutiones,

226 2285 303 2344 etin
315 2285 420 2344 multis
431 2284 483 2364 jus
499 2285 744 2350 ecclesiasticum
760 2294 931 2371 ampliavit.
951 2299 1055 2369 Quare

265 2375 442 2434 Bernardus
467 2378 616 2456 quidam,
643 2381 740 2462 major
762 2384 889 2464 dictus,
917 2389 1159 2454 archidiaconus

225 2466 502 2544 Compostellanus,
518 2473 623 2532 Romae
639 2474 775 2553 degens,
794 2480 888 2557 coepit
902 2481 1050 2562 colligere
1067 2488 1159 2548 Inno-

226 2557 317 2618 centii
340 2559 379 2619 ΙΙΙ
400 2561 652 2642 constitutiones,
677 2567 806 2648 eiusque
829 2573 969 2636 collectio
992 2577 1079 2640 dicta
1104 2581 1159 2640 fuit
1254 2629 1255 2662 ,

227 2649 401 2730 Compitalia
414 2652 556 2716 Romana.

264 2745 300 2803 V.
319 2745 380 2804 Sed
395 2764 466 2804 cum
477 2747 508 2806 in
519 2767 556 2807 ea
568 2752 787 2828 compilatione
800 2758 946 2835 quaedam
962 2761 1157 2828 haberentur

223 2839 427 2897 monumenta
441 2857 510 2917 quae
527 2841 566 2900 ab
585 2861 642 2902 usu
652 2843 844 2924 judiciorum
856 2850 924 2930 jam
937 2854 991 2914 diu
1007 2856 1155 2920 discesse-

222 2929 313 3002 rant,
335 2927 542 3006 impetrarunt
562 2936 695 2996 Romani
717 2939 757 2998 ab
773 2942 953 3007 Innocentio
969 2950 1010 3008 ΙΙΙ
1024 2954 1061 3012 ut
1074 2971 1156 3014 nova

222 3019 362 3081 collectio
386 3023 640 3087 constitutionum
668 3029 809 3109 ejusdem
833 3038 994 3114 pontificia
1018 3046 1155 3106 auctori-

221 3113 284 3170 tate
297 3113 452 3175 ederetur.
466 3118 627 3180 Commisit
645 3121 740 3200 igitur
754 3125 836 3188 hanc
849 3131 1046 3207 provinciam
1062 3139 1154 3198 lnno-

1254 3013 1255 3034 t

1254 3127 1255 3198 1

221 3203 340 3264 centius
374 3207 499 3268 cuidam
520 3213 612 3271 Petro
636 3215 878 3298 BeneventanO,
906 3225 1101 3290 subdiacono
1123 3235 1155 3291 et
1254 3249 1255 3260 ¹

220 3297 342 3358 notario
358 3318 434 3376 suo,
454 3302 542 3380 cujus
557 3323 653 3382 opera
668 3308 805 3372 collectae
823 3319 895 3376 sunt
917 3335 1025 3380 omnes
1039 3324 1153 3384 consti-

219 3389 353 3450 tutiones
385 3392 550 3453 duodecim
576 3397 749 3474 primorum
771 3423 925 3469 annorum
949 3413 1151 3490 pontificatus

219 3481 390 3546 Innocentii
405 3486 465 3564 III,
481 3486 520 3547 ab
535 3505 616 3552 anno
628 3489 744 3557 scilicet
759 3499 835 3560 1198
851 3502 890 3560 ad
906 3521 1024 3566 annum
1038 3511 1125 3576 1210.
