2542 4122
372 315 412 364 ne
433 315 563 366 eruero
580 315 665 366 turre
686 315 843 366 crecere.
1013 303 1075 368 8³

117 485 123 500 ·
143 461 248 525 titicie.
259 461 349 524 Unde
362 460 435 524 Iius
450 462 503 538 lv,
517 477 580 541 quo
590 461 741 524 Pontifice
756 461 899 524 clausum
910 462 959 524 eet
970 459 1074 526 cend-

139 556 220 616 lium
243 554 476 630 Tridentium,
500 568 540 614 ue
565 571 655 616 mene
673 554 927 616 rudentinornm
949 557 1075 634 patrum

141 647 406 722 defraudaretur,
434 645 596 725 prohibuit
615 659 656 708 ex
680 665 745 709 una
769 652 860 728 parte
887 663 927 708 ue
952 645 1075 726 private

140 739 329 802 auctoritate
339 738 551 819 adjicerentur
564 739 677 818 glossae
689 742 721 802 et
734 738 1008 819 interpretationes
1019 738 1076 800 de-

140 833 236 894 cretis
251 831 481 909 conciliariter,
494 835 526 893 et
540 847 578 893 ex
589 833 652 894 alie
669 831 803 896 instituit
814 832 986 912 quemdem
999 847 1076 894 oen·

140 927 359 1006 gregationem
379 925 598 1002 cardinalium,
615 943 711 1005 quern
725 924 803 988 dixit
818 943 875 1006 pm
892 923 1076 988 coemeret

140 1028 171 1082 et
183 1018 351 1080 eeecutiore
363 1017 483 1078 concilii
496 1017 672 1080 Tridentini.

182 1112 253 1174 Fuit
266 1111 363 1190 igitur
375 1109 569 1190 primitivum
582 1127 698 1172 munna
712 1109 807 1191 hujus
821 1108 1076 1190 congregationis

143 1221 315 1286 procurare
334 1207 370 1266 ut
386 1202 439 1284 jus
460 1203 679 1266 'tridentinum
693 1221 785 1266 enam
803 1202 937 1266 haberet
961 1219 1076 1264 execu-

141 1299 271 1360 tionem.
408 1333 421 1346 ι

158 1394 166 1408 ’
183 1389 246 1452 Sed
261 1407 335 1451 cum
346 1388 559 1467 prospexisset
569 1387 711 1452 Sirtuei'
723 1388 808 1470 quod
818 1387 851 1450 in
866 1387 1075 1468 applicatione

143 1474 287 1564 ejusdem
306 1480 428 1543 concilii
441 1481 547 1560 plures
556 1493 719 1561 emergere
732 1486 861 1561 peeeent
872 1479 1072 1562 questionu,

143 1593 214 1657 quae
234 1573 450 1636 desiderarent
468 1573 682 1636 authenticam
703 1573 949 1636 declarationem
964 1591 1075 1636 eorum

143 1685 213 1749 quae
231 1668 374 1729 institute
393 1665 519 1728 fuerent
538 1667 571 1728 in
595 1665 742 1744 concilio,
768 1666 932 1747 ampliavit
959 1683 1075 1730 munire

143 1759 395 1840 congregationis
417 1759 651 1839 (constitutione
667 1759 835 1840 Immerito),
849 1777 983 1840 eamque
997 1758 1076 1822 dixit

142 1854 317 1916 institutam
328 1871 392 1913 non
412 1856 535 1914 tantum
549 1869 606 1932 pro
619 1853 813 1930 exeuntium,
831 1851 888 1914 aed
905 1853 1000 1914 etiem
1016 1869 1074 1932 pro

143 1945 399 2026 interpretatione
418 1945 541 2007 concilii
562 1945 747 2006 Tridentini.
776 1945 867 2008 Unde
889 1944 1075 2024 bipartitum

144 2039 351 2102 initofficium
364 2038 458 2119 hujus
476 2040 508 2100 S.
524 2036 776 2117 congregationis
793 2056 800 2098 :
818 2037 849 2097 {⁰
871 2035 1076 2116 interpretatio

143 2133 324 2194 decretorum
354 2130 600 2211 disciplinarium,
623 2130 765 2194 consulto
793 2131 884 2190 Rom.
910 2127 1073 2205 Pontifice,

143 2225 303 2298 iaciende;
323 2241 398 2285 nam
424 2223 639 2302 interpretatio
659 2237 817 2286 canonum
844 2219 1076 2301 dopmacteoren

143 2320 324 2379 reservetur
342 2317 434 2378 unice
449 2318 537 2379 Sum.
569 2317 730 2392 Pontifici3
752 2320 785 2379 2⁰
809 2313 940 2377 executio
962 2331 1076 2378 rerurr-

144 2409 408 2472 demdeeretomm.

183 2505 312 2566 Constat
338 2503 407 2564 haec
430 2502 632 2582 congregatio
653 2501 796 2581 pluribus
821 2499 1034 2564 cmdinelibue
1057 2518 1077 2562 a

145 2601 234 2660 Rom.
263 2595 412 2658 Pontifiee
431 2595 555 2672 electis,
574 2611 711 2676 quornm
737 2613 819 2658 unus
833 2593 996 2674 profectur
1014 2593 1072 2655 eet.

144 2691 256 2766 Habet,
274 2689 354 2749 sieut
369 2691 489 2750 eaeterae
504 2688 780 2768 congregationes,
796 2703 870 2748 auce
882 2685 1076 2748 consultores

144 2801 182 2844 ac
193 2781 362 2858 ministrer,
372 2797 507 2860 quorum
517 2795 598 2842 unus
611 2785 658 2844 est
668 2785 820 2862 tanquam
833 2779 1028 2842 consiliarius
1037 2798 1076 2844 ee

143 2875 286 2936 minister
294 2872 679 2954 primariuequeexecutor
691 2873 891 2937 decretorum
900 2873 1077 2955 hujuecou·

144 2967 346 3048 gregationie,
366 2967 538 3030 secretarius
552 2983 675 3047 nempe,
692 2968 745 3048 qui
761 2970 809 3029 eet
822 2985 861 3029 er
874 2967 984 3030 ordine
996 2983 1075 3048 pre·

144 3063 291 3123 latorum.
312 3059 369 3121 Hic
388 3064 495 3122 eutem
514 3060 682 3141 adjuvatur
697 3060 840 3140 pluribus
857 3059 1018 3136 ministris,
1037 3076 1076 3120 ex

146 3154 260 3234 quihus
273 3153 430 3214 secretaria
449 3153 567 3214 comitii
578 3153 721 3233 emergit.

185 3245 288 3307 Aliam
318 3245 595 3326 congregationem
623 3245 757 3308 instituit
777 3243 965 3306 Benedictus
987 3243 1073 3318 xlv,

146 3355 208 3398 non
222 3339 461 3416 cardinalitiam,
473 3337 673 3418 praeletitiam
684 3341 801 3414 tannen,
817 3337 850 3398 in
869 3332 1076 3415 appendicem

146 3431 238 3492 dietae
263 3431 514 3512 congregationis
536 3431 670 3508 concilii,
695 3431 784 3512 crpus
805 3432 853 3491 esi
873 3425 1077 3508 queeieuhei·

146 3522 256 3586 diaria.
282 3523 343 3587 Pro
358 3539 488 3587 munere
506 3525 603 3588 habet
626 3521 851 3586 examinandas
870 3519 990 3584 litterae
1004 3533 1076 3602 quae
