2540 4132
295 389 402 437 noorai
422 389 575 436 srncnns
595 389 678 436 runs
700 389 854 438 oenomai.
982 379 1042 440 las

104 540 139 599 et
159 533 378 613 interpretari3
405 553 479 595 nam
498 534 572 595 lieet
589 534 688 614 judex
711 534 896 596 constitutus
910 555 971 598 non
1000 537 1041 599 sit

103 629 249 709 prolege
264 627 511 704 interpretanda,
528 627 584 687 sed
598 645 655 704 pro
670 627 740 706 lege
753 627 951 705 applicanda,
968 647 1039 690 oum

104 727 215 785 tamen
229 723 316 780 reeta
333 719 411 798 legis
433 719 599 797 applicatio
619 723 738 780 reatam
752 720 1039 798 interpretationem

106 817 277 892 supponat,
289 812 362 874 inde
373 812 564 890 impossibile
578 816 625 873 est
634 812 732 892 judioi
744 832 800 873 suo
812 813 900 892 fungi
912 833 1042 875 munere

106 907 167 967 nisi
185 906 298 966 saltem
313 904 344 964 in
357 905 451 964 rebus
466 903 576 982 obviis,
588 905 765 982 ordinariis,
775 905 979 982 facilioribus
990 907 1042 986 jus

105 1000 341 1076 interpretetur.
366 999 439 1057 Haee
458 1001 565 1058 autem
584 997 799 1076 interpretatio
824 999 939 1060 dieitur
954 999 1043 1080 judi-

106 1092 203 1165 cialis,
228 1089 379 1170 cujusvis
397 1109 453 1150 seu
465 1091 635 1152 auotoritas
651 1109 713 1151 non
728 1091 852 1152 exoedit
863 1091 977 1153 limites
987 1111 1043 1170 pe-

106 1173 252 1246 culiaris
272 1181 435 1243 sententiae
463 1182 515 1242 vel
542 1181 674 1262 judicati
706 1205 713 1244 :
744 1184 902 1245 ordinarie
929 1203 1042 1263 nempe

105 1275 278 1356 loquendo,
295 1274 348 1354 jus
360 1275 435 1336 feeit
449 1275 531 1336 inter
544 1280 649 1353 partes
663 1275 832 1356 litigantes,
849 1277 881 1336 in
894 1277 1043 1339 determi-

107 1373 185 1430 nata
208 1368 262 1427 illa
286 1367 325 1427 de
350 1386 413 1446 qna
444 1368 548 1446 agitur
567 1370 791 1447 controversia,
817 1388 874 1430 nea
895 1371 936 1431 ad
965 1370 1043 1432 alias

106 1463 226 1524 similes
236 1461 465 1522 controversias
475 1463 578 1539 potest
586 1461 720 1539 extendi,
729 1463 840 1524 saltem
849 1463 907 1524 nisi
919 1463 988 1524 haee
997 1463 1042 1524 in·

106 1554 291 1633 terpretatio
306 1555 362 1614 fiat
373 1553 466 1634 stylus
479 1555 570 1615 rorice
579 1555 629 1616 νε]
638 1557 747 1636 proras
760 1556 832 1636 sori,
846 1575 908 1636 quo
923 1557 955 1616 in
966 1575 1042 1618 oasu

108 1647 271 1710 sententiae
286 1647 337 1707 vel
351 1665 402 1706 res
409 1645 558 1726 judicate
570 1647 633 1707 vim
648 1649 726 1728 legis
738 1647 887 1729 consequi
899 1653 1040 1728 possunt.

149 1744 282 1802 Demum
305 1743 336 1800 et
350 1739 539 1819 jurisperitis
563 1740 664 1801 inesse
687 1742 888 1820 praesnmitnr
911 1743 1043 1804 facultas

104 1833 185 1915 juris
202 1831 438 1911 interpretandi,
455 1833 520 1892 sive
543 1839 578 1894 ut
599 1835 709 1894 studiis
722 1835 980 1914 jurisprudentia
996 1835 1044 1895 in-

108 1927 270 2002 cumbant,
286 1925 352 1986 sive
370 1929 405 1986 ut
428 1925 505 1986 alios
523 1925 636 2006 juvent
657 1928 798 2004 oonsilio,
823 1932 854 1989 et
873 1928 917 1989 ita
938 1929 1044 2006 legum

109 2018 342 2080 observantiam
365 2023 543 2096 procurent.
573 2022 647 2080 Haeo
670 2020 887 2097 interpretatio
910 2039 980 2099 quae
1005 2021 1045 2081 ab

109 2111 239 2173 eruditis
263 2113 313 2188 fit,
344 2111 458 2172 dieitur
484 2111 670 2186 doctrinalis,
699 2130 768 2190 quae
793 2113 921 2191 quidem
946 2113 985 2172 de
1012 2131 1045 2171 se

109 2205 229 2266 nullam
249 2205 312 2264 vim
336 2204 432 2266 habet
459 2204 562 2283 prouti
582 2205 668 2264 nulla
687 2203 870 2284 jurisperito
896 2203 1047 2281 competit

109 2297 297 2369 auctoritem
326 2297 380 2357 sed
404 2301 526 2358 tantum
548 2298 632 2358 valet
651 2301 804 2376 quantum
830 2296 969 2357 rationes
996 2295 1047 2356 νε]

51 2391 53 2394 ’
110 2393 298 2470 argumenta
311 2407 379 2469 quaa
392 2391 433 2450 ad
449 2407 519 2450 eam
533 2390 682 2450 tuendam
697 2389 911 2470 proferuntur.

149 2483 226 2544 Inde
237 2482 379 2543 oriuntur
394 2486 529 2562 quatuor
548 2483 608 2542 illae
624 2483 743 2562 speeies
766 2482 1044 2561 interpretationis

110 2593 246 2654 quarum
265 2593 326 2634 una
346 2574 530 2650 authentico,
548 2577 687 2636 secunda
703 2575 830 2650 usualis,
852 2575 944 2637 tertia
961 2574 1046 2654 judi-

109 2667 205 2741 cialis,
218 2671 332 2744 quarta
343 2667 514 2728 doctrinalis
529 2673 668 2730 vocatur.

107 2768 119 2774 ”
148 2761 187 2820 ll.
214 2759 276 2820 Sed
302 2759 503 2839 distinguitur
522 2762 751 2840 interpretatio,
776 2761 927 2822 etiamen
948 2761 1044 2844 modo

110 2870 171 2931 quo
200 2855 360 2929 operatur,
388 2853 545 2932 siquidem
567 2855 634 2914 lieri
657 2857 761 2932 potest
784 2854 835 2914 vel
862 2853 1046 2932 simpliciter

109 2944 301 3006 declarando
317 2946 415 3006 verba
431 2946 520 3025 legiS,
535 2948 585 3007 νε]
598 2965 635 3005 εει
648 2947 855 3023 extendendo,
875 2947 925 3008 νε]
938 2965 1046 3007 coare-

109 3037 219 3114 tando,
234 3041 270 3098 ut
285 3042 424 3099 mentem
437 3039 626 3117 legislatoris
640 3057 857 3119 assequamur.

148 3133 196 3191 Ex
211 3133 242 3192 1⁰
258 3131 485 3210 interpretandi
506 3133 599 3193 modo
618 3133 757 3192 nascitur
779 3152 817 3194 aa
829 3131 1044 3210 interpretatio

110 3243 179 3303 quar
190 3224 306 3285 dieitur
320 3223 507 3300 declaration,
521 3225 553 3285 in
566 3245 630 3305 qua
643 3244 756 3304 nempe
770 3231 838 3288 tum
850 3226 959 3300 verba,
977 3228 1046 3284 tum

109 3317 272 3378 sententiae
284 3318 362 3397 legis
372 3318 440 3396 pari
453 3319 554 3396 gradu
563 3319 722 3380 ineedunt.
740 3319 849 3381 Solum
861 3320 897 3379 fit
911 3321 946 3377 ut
961 3333 1045 3394 quae-

111 3409 185 3470 dam
211 3410 311 3471 verba
335 3412 385 3471 νε]
410 3413 545 3472 obseura
567 3412 617 3473 vel
640 3412 736 3473 dubia
751 3412 975 3489 intelligantur.
991 3409 1046 3467 list

109 3501 206 3580 igitur
223 3503 292 3564 haee
310 3525 316 3564 :
339 3523 468 3583 conpraca
488 3505 673 3566 obscurorum
701 3506 748 3567 vet
770 3503 923 3564 dubiorum
942 3497 1046 3560 verbo-

110 3615 177 3656 ram
191 3596 265 3677 lepis
274 3599 427 3678 expositio
