2542 4122
189 307 246 372 eet
406 316 638 366 rnsrrrnrrores
657 315 741 364 snus
760 315 913 364 neronior.

189 461 385 547 peresam·
397 461 514 524 Palatii
524 460 735 541 apostolia-
745 460 794 521 eni
805 459 872 540 jam
881 460 921 521 eb
931 459 1124 539 antiquitate
1247 537 1248 542 ἵ

190 556 388 636 competebat
400 553 513 616 revisio
528 554 681 616 librorum
696 554 936 616 edendorum-
948 553 1030 616 alter
1045 570 1124 614 vero

190 651 293 714 dictus
309 648 539 712 Cmnmr'eeoeioe.

232 744 293 807 Sed
305 761 377 804 saeo.
395 743 475 818 XVI,
492 757 589 820 quum
600 740 703 819 erupit
720 739 850 801 haeresis
861 740 1064 814 novatorum,
1078 737 1126 799 vi-

192 857 262 900 sum
283 839 331 896 est
358 833 505 913 expedire
530 833 556 893 ei
580 832 725 913 quaedem
749 831 951 910 congregatio
979 829 1127 908 s‘peeialis

192 933 298 992 Romae
321 927 534 988 institueretur
551 928 706 1004 tanquam
723 943 906 1002 supremum
927 923 1069 984 tribunal
1091 924 1124 984 S.
1247 939 1248 978 i

191 1019 411 1102 inquisitionis,
426 1018 476 1080 oui
486 1019 649 1080 subessent
659 1017 826 1078 ordinatim
839 1015 946 1078 omnia
954 1014 1129 1078 tribunalia

192 1113 333 1196 ejusdem
345 1112 464 1174 ordinis
478 1111 511 1171 in
526 1109 705 1189 provinciis.
723 1111 831 1188 ltaque
848 1109 964 1170 Paulus
978 1109 1031 1184 111,
1055 1126 1128 1168 oon-

192 1206 351 1269 stitutione
378 1203 471 1282 Licet,
502 1206 590 1280 1542,
626 1221 682 1263 eex
700 1201 882 1262 'cardinales
914 1199 1051 1261 instituit
1075 1200 1129 1280 qui

193 1297 374 1378 hujusmodi
396 1314 580 1376 supremum
601 1295 740 1358 tribunal
763 1293 999 1355 constituerent.
1026 1295 1131 1371 Super

193 1389 340 1452 eamdem
354 1388 581 1450 institutionem
597 1387 822 1448 laboraverunt
835 1388 1003 1466 sequentes
1021 1385 1132 1447 Ponti-

191 1483 266 1544 fiees
278 1497 378 1560 nsque
393 1480 434 1539 ad
453 1481 575 1541 Sixtnm
595 1481 632 1556 V,
648 1479 712 1558 qui,
730 1479 949 1540 constitutione
963 1477 1130 1554 Immeneo,

192 1573 302 1635 ultimo
315 1591 385 1633 eam
397 1572 542 1651 perfeoit,
555 1571 810 1651 ordiner-iamque
819 1577 851 1632 et
860 1574 1049 1650 perpetuam
1059 1570 1134 1632 red-

234 1760 362 1820 Gonetat
375 1757 471 1836 igitur
488 1756 556 1818 beer
576 1755 779 1837 congregatio
808 1775 815 1817 :
836 1789 877 1804 -
897 1755 1043 1835 pluribus
1063 1774 1135 1818 oar·

195 1851 351 1914 dinalibus
372 1849 413 1912 ad
429 1848 553 1910 libitum
568 1851 658 1911 Rom.
677 1848 835 1910 Pontifieis
853 1849 970 1925 eleotie‚
995 1866 1135 1928 quorum

198 1945 266 2024 ipse
281 1961 380 2023 perse
395 1942 579 2022 praefectum
594 1941 659 2021 agit
671 1961 722 2015 ;····
734 1941 876 2020 pluribus
886 1941 1132 2018 consultoribus,

200 2055 284 2118 seepe
296 2054 427 2098 numero
442 2034 590 2114 praelatis,
605 2053 644 2095 ex
661 2033 771 2095 ordine
792 2034 843 2094 vel
862 2034 1059 2113 regularium
1084 2035 1134 2095 vel

195 2130 386 2193 seoularinm
401 2126 586 2192 elericorum
601 2126 718 2202 eleebs,
736 2145 870 2206 quorum
890 2132 937 2188 est
950 2145 1046 2187 enum
1061 2144 1133 2189 oon·

198 2224 315 2300 silium,
330 2223 361 2284 in
378 2219 602 2301 quaestionibus
614 2218 846 2280 huiotribnnali
860 2219 1041 2297 propositis,
1057 2238 1133 2298 sup-
1246 2267 1247 2298 3

195 2315 337 2392 peditare
345 2315 526 2387 ;-demum
536 2311 678 2391 pluribus
688 2311 890 2388 administris,
903 2312 1131 2392 quorumprin-

197 2423 271 2482 eops
287 2412 334 2465 est
345 2405 493 2482 praelatus
508 2405 559 2465 ille
574 2403 627 2484 qui
644 2405 759 2465 dieitur
768 2421 891 2466 meerwr
907 2404 1005 2464 eoacti
1022 2404 1129 2486 officii,

195 2496 248 2577 qui
260 2500 308 2557 est
320 2495 417 2557 veluti
430 2496 598 2574 primarius
612 2497 810 2559 eonsiliarius
825 2496 919 2577 hujus
936 2515 1036 2558 seerae
1059 2515 1132 2559 oon·

196 2588 408 2671 gregationie3
433 2588 486 2668 qui
520 2589 636 2654 assistit
664 2589 730 2666 illi,
753 2589 867 2650 dieitur
896 2589 1129 2666 commissarius,

197 2683 250 2762 qui
266 2701 304 2743 ex
319 2683 427 2744 ordine
443 2681 690 2748 Praedieatorum
704 2682 841 2762 eligitur,
860 2689 891 2744 et
909 2685 956 2744 est
970 2683 1068 2744 veluti
1080 2683 1130 2764 ju-

196 2774 257 2834 dex
274 2774 450 2835 ordinerius
470 2775 503 2834 in
518 2773 743 2853 quaestionibus
759 2775 831 2836 huie
848 2793 945 2836 saorae
956 2794 1129 2856 congrega-

197 2865 274 2927 tioni
290 2866 468 2943 propositis,
490 2867 607 2945 quique
631 2867 774 2945 pluribus
793 2867 962 2948 adjuvetur
980 2867 1129 2930 ministris

170 3040 171 3045 ἵ
197 2957 405 3035 secundariis,
432 2959 562 3020 notariis
586 2962 618 3020 et
645 2959 724 3037 aliis,
753 2961 805 3040 qui
833 2961 1047 3022 interveniunt
1072 2977 1128 3040 pro

197 3049 341 3114 examino
356 3068 493 3127 reorum,
510 3069 566 3129 pro
577 3051 768 3114 instruendis
780 3053 989 3132 processibus,
1007 3057 1067 3115 eto.

238 3146 319 3206 XIX.
334 3146 365 3204 2⁰
379 3141 574 3223 Conprepatio
586 3142 720 3206 Concilio.
733 3145 1129 3208 GonoiliumTridentinum

197 3255 295 3317 quum
307 3235 438 3298 vidisset
457 3234 563 3296 omnia
577 3236 621 3296 eio
636 3255 697 3298 non
714 3257 806 3316 posse
827 3238 1029 3299 determinari
1055 3239 1129 3318 quin
1245 3279 1246 3284 η

197 3331 303 3409 aliqua
346 3327 557 3392 deelaratione
601 3328 797 3409 indigerent,
836 3331 973 3392 sessione
1010 3335 1049 3393 25
1090 3330 1127 3390 de

198 3423 350 3497 Reform„
372 3421 433 3483 nub¹
443 3421 545 3500 eapite
559 3421 599 3481 de
614 3422 801 3500 reeipiendir
810 3427 843 3485 et
854 3423 1061 3485 observandis
1075 3424 1128 3484 de·

199 3511 302 3584 oretis,
324 3529 392 3571 rem
407 3513 586 3574 universam
600 3513 732 3577 eontulit
744 3515 886 3579 insident
901 3516 1034 3579 Romani
1047 3519 1127 3580 Pon·
