2542 4122
230 327 289 390 236
443 341 672 390 rasnnnronss
692 343 776 390 rurus
796 341 951 389 coroner.

269 486 343 546 Hac
369 490 476 548 autem
503 489 603 548 sunt:
632 489 663 547 l⁰
684 485 862 564 baptizar03
887 502 962 546 uam
987 484 1167 563 baptismus

229 579 335 640 locum
361 583 447 640 tenet
476 579 688 658 generationis
714 580 747 640 in
779 582 923 658 respectu
950 577 1111 656 spirituali
1138 583 1168 640 et

229 671 455 744 ecclesiastiom
471 676 503 734 2·
517 673 623 733 omnia
636 677 834 734 sacramenta
854 672 903 732 vel
924 671 1168 733 sacramentalia

230 766 372 826 conferre
398 784 469 844 qnae
494 783 558 826 non
579 767 735 827 excedunt
762 765 979 826 characterem
1000 765 1168 844 preshyte-

231 859 339 918 ralem.
368 858 423 918 llis
450 860 655 920 sacramentis
681 864 713 920 et
735 859 1018 920 sacramentalibus
1047 858 1165 934 alitur,

231 955 405 1029 reparatur,
426 953 598 1029 perficitur,
618 957 822 1014 conservatur
843 971 943 1032 usque
968 952 1009 1013 ad
1031 957 1166 1013 mortem

232 1063 269 1104 ea
284 1043 348 1104 vita
360 1044 530 1122 spiritualis
550 1064 620 1124 quae
636 1065 694 1124 per
705 1046 897 1124 baptismum
911 1048 987 1106 nata
999 1048 1059 1106 est.
1078 1045 1165 1106 Unde
1253 1087 1254 1096 η

231 1136 388 1214 parochus
399 1137 430 1197 vi
446 1138 539 1198 officii
551 1139 610 1215 sui,
622 1139 713 1216 sicuti
728 1138 879 1198 familiam
892 1137 1006 1199 Christi
1018 1157 1079 1216 per
1091 1139 1166 1218 bap-

231 1229 357 1291 tismum
380 1234 528 1309 generat,
551 1231 595 1292 ita
618 1231 699 1292 hanc
720 1231 924 1292 christianam
945 1230 1078 1292 familiae
1102 1251 1166 1292 sua

232 1321 330 1382 vitam
352 1322 433 1400 regit
455 1341 492 1383 ac
513 1324 705 1385 moderatur.
726 1325 792 1384 Imo
817 1341 876 1383 nec
898 1327 1000 1384 morte
1026 1323 1168 1401 corporis
1253 1353 1254 1356 ¹

232 1431 362 1474 suorum
374 1415 649 1493 parochianorum,
663 1420 829 1494 paternum
846 1416 943 1477 hocce
960 1416 1098 1494 parochi
1118 1435 1169 1476 ex·
1253 1411 1254 1474 l

231 1503 313 1582 pirat
325 1505 479 1580 officium;
492 1527 566 1568 nam
575 1527 648 1570 cum
657 1509 722 1570 vita
731 1508 901 1588 spiritualis
910 1511 1013 1570 morte
1026 1509 1168 1587 corporis

230 1615 293 1658 non
320 1597 541 1678 extinguatur,
571 1601 727 1680 parochus
756 1619 865 1664 curam
893 1619 984 1662 suam
1007 1602 1171 1679 protendit

231 1689 379 1751 etiamad
391 1693 558 1769 servanda,
573 1693 841 1773 custodiendaque
865 1711 995 1754 suorum
1020 1712 1167 1772 corpora,

143 1843 146 1846 .
231 1800 301 1862 quae
316 1783 404 1844 novit
424 1783 456 1844 in
475 1786 586 1846 mundi
605 1787 667 1846 fine
682 1787 723 1847 ad
736 1787 870 1866 gloriam
889 1787 1044 1848 aeternam
1064 1805 1170 1847 resur-

231 1879 441 1938 rectura—3¹·
451 1879 497 1938 ΕΣ
509 1879 621 1940 eodem
632 1879 785 1958 principio
798 1879 940 1959 sequitur
949 1879 1085 1957 parochi
1103 1898 1169 1940 asse

233 1972 268 2030 ut
281 1969 489 2047 parochianos
503 1989 576 2032 suos
590 1971 863 2049 doceat,instituat
877 1975 908 2032 et
917 1971 1075 2050 corrigat;
1092 1971 1169 2032 filio
1253 1969 1254 2046 ff

233 2081 302 2123 rum
318 2062 402 2123 enim
416 2063 500 2124 bona
511 2063 662 2125 institutio
676 2069 843 2143 paternum
858 2067 904 2126 est
918 2063 1071 2126 officium.

272 2161 304 2218 5⁰
312 2159 386 2218 Hac
396 2157 606 2235 parochorum
613 2157 795 2234 auctoritas,
806 2176 876 2237 quae
885 2157 1059 2237 aliquando
1068 2157 1170 2218 exclu-

232 2250 297 2310 sive
307 2249 383 2328 ipsis
392 2250 601 2328 competebat,
610 2269 667 2328 per
673 2251 849 2312 recentiora
860 2250 1027 2329 privilegia
1036 2250 1070 2310 in
1081 2250 1168 2310 lavo-

231 2361 299 2402 rem
322 2345 389 2402 tum
401 2341 604 2421 regularium,
624 2343 800 2404 tumeliam
819 2341 1031 2418 saecularium,
1052 2360 1167 2421 magua

231 2453 268 2492 ex
292 2437 382 2510 parte
409 2435 570 2496 deminuta
591 2438 647 2496 est.
671 2437 751 2494 Nam
771 2436 880 2496 fideles
902 2453 966 2496 non
992 2439 1120 2496 tantum
1136 2435 1166 2494 in

231 2524 380 2604 paroecia,
388 2526 444 2587 sed
454 2527 549 2588 etiam
558 2527 589 2586 in
600 2527 668 2587 aliis
677 2528 914 2606 ecclesiisplura
922 2532 1057 2606 possunt
1065 2546 1165 2589 sacra-

230 2623 351 2696 menta,
377 2619 540 2699 ipsamque
570 2619 773 2680 christianam
795 2622 988 2700 sepulturam
1010 2621 1161 2683 obtinere.

231 2713 320 2774 Unde
336 2732 374 2773 ex
384 2713 443 2774 hac
453 2717 542 2793 parte
551 2713 740 2791 parochialis
750 2713 916 2776 imminuta
924 2718 972 2775 est
980 2714 1160 2774 auctoritas.

272 2805 334 2865 Sed
356 2806 452 2884 viget,
472 2805 647 2884 generatim
658 2806 827 2885 loquendo,
855 2811 1011 2887 quatenus
1027 2806 1163 2885 exceptis

230 2895 279 2956 his
293 2897 463 2977 privilegiis
477 2898 729 2976 particularibus,
746 2899 916 2978 spiritualis
931 2918 1009 2960 cura
1025 2899 1163 2979 singulo-

230 3008 301 3050 rum
316 2989 557 3052 ohristianorum
570 2991 744 3069 respectivo
767 2992 906 3070 parocho
926 2992 1056 3054 omnino
1079 3009 1162 3053 com-

229 3081 326 3144 missa
339 3083 483 3145 hahetur.

270 3178 407 3238 XXXVI.
429 3175 475 3238 De
494 3175 613 3238 vicarios
629 3177 951 3257 poccatorem-Ad
975 3179 1162 3256 presentem

229 3269 425 3332 tractationis
439 3268 549 3349 prima
564 3273 686 3347 partem
701 3270 940 3347 absolvendam,
963 3287 1034 3349 quae
1049 3287 1161 3347 nempe

230 3368 278 3425 est
292 3364 331 3423 de
352 3361 530 3423 hierarchia
549 3361 760 3424 ecclesiastica
775 3363 806 3424 in
823 3363 954 3442 singulis
975 3361 1160 3424 clericorum

229 3455 371 3532 personis
386 3454 602 3531 considerata,
624 3454 794 3516 dicendum
806 3459 854 3518 est
868 3456 907 3518 de
921 3454 1048 3518 vicariis
1069 3471 1161 3534 paro-

229 3545 372 3606 chorum.
