<?xml version="1.0" encoding="UTF-8"?>
<!DOCTYPE html PUBLIC "-//W3C//DTD XHTML 1.0 Transitional//EN"
    "http://www.w3.org/TR/xhtml1/DTD/xhtml1-transitional.dtd">
<html xmlns="http://www.w3.org/1999/xhtml" xml:lang="en" lang="en">
 <head>
  <title>
</title>
<meta http-equiv="Content-Type" content="text/html;charset=utf-8" />
  <meta name='ocr-system' content='tesseract 3.04.00' />
  <meta name='ocr-capabilities' content='ocr_page ocr_carea ocr_par ocr_line ocrx_word'/>
</head>
<body>
  <div class='ocr_page' id='page_1' title='image "./institutionesju03marigoog_0222.png"; bbox 0 0 2542 4122; ppageno 0'>
   <div class='ocr_carea' id='block_1_1' title="bbox 81 320 1046 398">
    <p class='ocr_par' dir='ltr' id='par_1_1' title="bbox 81 320 1046 398">
     <span class='ocr_line' id='line_1_1' title="bbox 81 320 1046 398; baseline -0.015 -8"><span class='ocrx_word' id='word_1_1' title='bbox 81 379 92 398; x_wconf 89' lang='grc'><strong>.</strong></span> <span class='ocrx_word' id='word_1_2' title='bbox 190 329 248 388; x_wconf 74' lang='lat' dir='ltr'>au</span> <span class='ocrx_word' id='word_1_3' title='bbox 418 335 651 382; x_wconf 82' lang='lat' dir='ltr'>rrsrrrurrorns</span> <span class='ocrx_word' id='word_1_4' title='bbox 671 335 755 380; x_wconf 76' lang='lat' dir='ltr'>runis</span> <span class='ocrx_word' id='word_1_5' title='bbox 777 333 931 380; x_wconf 75' lang='lat' dir='ltr'>cruorum.</span> <span class='ocrx_word' id='word_1_6' title='bbox 1041 320 1046 328; x_wconf 74' lang='grc'><em>“</em></span> 
     </span>
    </p>
   </div>
   <div class='ocr_carea' id='block_1_2' title="bbox 188 478 1131 1861">
    <p class='ocr_par' dir='ltr' id='par_1_2' title="bbox 188 478 1129 1197">
     <span class='ocr_line' id='line_1_2' title="bbox 189 478 1125 561; baseline -0.009 -13"><span class='ocrx_word' id='word_1_7' title='bbox 189 488 292 548; x_wconf 89' lang='lat' dir='ltr'>minus</span> <span class='ocrx_word' id='word_1_8' title='bbox 307 484 419 546; x_wconf 90' lang='lat' dir='ltr'>eadem</span> <span class='ocrx_word' id='word_1_9' title='bbox 433 481 587 561; x_wconf 91' lang='lat' dir='ltr'>principia</span> <span class='ocrx_word' id='word_1_10' title='bbox 608 499 679 560; x_wconf 79' lang='lat' dir='ltr'>quae</span> <span class='ocrx_word' id='word_1_11' title='bbox 697 499 754 558; x_wconf 87' lang='lat' dir='ltr'>pro</span> <span class='ocrx_word' id='word_1_12' title='bbox 775 478 1034 541; x_wconf 77' lang='lat' dir='ltr'>determinatione</span> <span class='ocrx_word' id='word_1_13' title='bbox 1052 497 1125 540; x_wconf 88' lang='lat' dir='ltr'>auc-</span> 
     </span>
     <span class='ocr_line' id='line_1_3' title="bbox 188 573 1127 655; baseline -0.007 -14"><span class='ocrx_word' id='word_1_14' title='bbox 188 579 322 642; x_wconf 89' lang='lat' dir='ltr'>toritatis</span> <span class='ocrx_word' id='word_1_15' title='bbox 335 575 584 655; x_wconf 77' lang='lat' dir='ltr'>metropolitana</span> <span class='ocrx_word' id='word_1_16' title='bbox 599 574 649 636; x_wconf 89' lang='lat' dir='ltr'>vel</span> <span class='ocrx_word' id='word_1_17' title='bbox 664 573 850 653; x_wconf 81' lang='lat' dir='ltr'><strong>primatialis</strong></span> <span class='ocrx_word' id='word_1_18' title='bbox 871 573 946 633; x_wconf 92' lang='lat' dir='ltr'>data</span> <span class='ocrx_word' id='word_1_19' title='bbox 963 575 1047 634; x_wconf 89' lang='lat' dir='ltr'>sunt.</span> <span class='ocrx_word' id='word_1_20' title='bbox 1066 576 1127 634; x_wconf 86' lang='lat' dir='ltr'>Ac-</span> 
     </span>
     <span class='ocr_line' id='line_1_4' title="bbox 189 665 1126 751; baseline -0.009 -17"><span class='ocrx_word' id='word_1_21' title='bbox 189 673 272 734; x_wconf 90' lang='lat' dir='ltr'>cedit</span> <span class='ocrx_word' id='word_1_22' title='bbox 286 671 371 751; x_wconf 87' lang='lat' dir='ltr'>quod</span> <span class='ocrx_word' id='word_1_23' title='bbox 386 669 436 729; x_wconf 89' lang='lat' dir='ltr'>hio</span> <span class='ocrx_word' id='word_1_24' title='bbox 456 668 650 730; x_wconf 86' lang='lat' dir='ltr'>auctoritatis</span> <span class='ocrx_word' id='word_1_25' title='bbox 674 667 793 746; x_wconf 76' lang='lat' dir='ltr'>gradrm</span> <span class='ocrx_word' id='word_1_26' title='bbox 807 666 959 727; x_wconf 90' lang='lat' dir='ltr'>hodierno</span> <span class='ocrx_word' id='word_1_27' title='bbox 974 665 1048 745; x_wconf 87' lang='lat' dir='ltr'>jura</span> <span class='ocrx_word' id='word_1_28' title='bbox 1062 666 1126 726; x_wconf 89' lang='lat' dir='ltr'>fere</span> 
     </span>
     <span class='ocr_line' id='line_1_5' title="bbox 189 758 1127 844; baseline -0.01 -17"><span class='ocrx_word' id='word_1_29' title='bbox 189 787 227 827; x_wconf 87' lang='lat' dir='ltr'>ex</span> <span class='ocrx_word' id='word_1_30' title='bbox 241 767 362 844; x_wconf 85' lang='lat' dir='ltr'>integro</span> <span class='ocrx_word' id='word_1_31' title='bbox 378 761 555 838; x_wconf 89' lang='lat' dir='ltr'>exsolverit,</span> <span class='ocrx_word' id='word_1_32' title='bbox 573 760 616 822; x_wconf 90' lang='lat' dir='ltr'>ita</span> <span class='ocrx_word' id='word_1_33' title='bbox 631 764 666 821; x_wconf 93' lang='lat' dir='ltr'>ut</span> <span class='ocrx_word' id='word_1_34' title='bbox 683 759 788 838; x_wconf 90' lang='lat' dir='ltr'>potius</span> <span class='ocrx_word' id='word_1_35' title='bbox 812 758 939 820; x_wconf 89' lang='lat' dir='ltr'>honoris</span> <span class='ocrx_word' id='word_1_36' title='bbox 962 776 1059 837; x_wconf 86' lang='lat' dir='ltr'>quam</span> <span class='ocrx_word' id='word_1_37' title='bbox 1076 759 1127 838; x_wconf 84' lang='lat' dir='ltr'>ju-</span> 
     </span>
     <span class='ocr_line' id='line_1_6' title="bbox 189 851 1129 932; baseline -0.01 -11"><span class='ocrx_word' id='word_1_38' title='bbox 189 857 376 921; x_wconf 84' lang='lat' dir='ltr'>risdictionis</span> <span class='ocrx_word' id='word_1_39' title='bbox 392 855 500 916; x_wconf 92' lang='lat' dir='ltr'>titulus</span> <span class='ocrx_word' id='word_1_40' title='bbox 510 853 705 914; x_wconf 75' lang='lat' dir='ltr'>remanserit.</span> <span class='ocrx_word' id='word_1_41' title='bbox 721 854 893 931; x_wconf 89' lang='lat' dir='ltr'>Propterea</span> <span class='ocrx_word' id='word_1_42' title='bbox 902 851 977 912; x_wconf 90' lang='lat' dir='ltr'>satis</span> <span class='ocrx_word' id='word_1_43' title='bbox 989 852 1050 913; x_wconf 90' lang='lat' dir='ltr'>erit</span> <span class='ocrx_word' id='word_1_44' title='bbox 1056 851 1129 932; x_wconf 90' lang='lat' dir='ltr'>jura</span> 
     </span>
     <span class='ocr_line' id='line_1_7' title="bbox 189 943 1128 1026; baseline -0.009 -13"><span class='ocrx_word' id='word_1_45' title='bbox 189 949 398 1013; x_wconf 87' lang='lat' dir='ltr'>determinare</span> <span class='ocrx_word' id='word_1_46' title='bbox 410 948 588 1026; x_wconf 88' lang='lat' dir='ltr'>lagatorum</span> <span class='ocrx_word' id='word_1_47' title='bbox 604 945 837 1006; x_wconf 83' lang='lat' dir='ltr'>ordinariorum</span> <span class='ocrx_word' id='word_1_48' title='bbox 852 943 905 1024; x_wconf 89' lang='lat' dir='ltr'>qui</span> <span class='ocrx_word' id='word_1_49' title='bbox 921 944 1008 1005; x_wconf 89' lang='lat' dir='ltr'>missi</span> <span class='ocrx_word' id='word_1_50' title='bbox 1021 944 1128 1005; x_wconf 90' lang='lat' dir='ltr'>dieun-</span> 
     </span>
     <span class='ocr_line' id='line_1_8' title="bbox 189 1037 1128 1123; baseline -0.011 -17"><span class='ocrx_word' id='word_1_51' title='bbox 189 1050 250 1121; x_wconf 89' lang='lat' dir='ltr'>tur,</span> <span class='ocrx_word' id='word_1_52' title='bbox 273 1060 407 1123; x_wconf 90' lang='lat' dir='ltr'>quorum</span> <span class='ocrx_word' id='word_1_53' title='bbox 433 1058 545 1119; x_wconf 90' lang='lat' dir='ltr'>nempe</span> <span class='ocrx_word' id='word_1_54' title='bbox 568 1039 705 1118; x_wconf 81' lang='lat' dir='ltr'>dignitas</span> <span class='ocrx_word' id='word_1_55' title='bbox 733 1039 809 1098; x_wconf 90' lang='lat' dir='ltr'>nulli</span> <span class='ocrx_word' id='word_1_56' title='bbox 825 1037 1043 1099; x_wconf 78' lang='lat' dir='ltr'>determinatae</span> <span class='ocrx_word' id='word_1_57' title='bbox 1062 1038 1128 1098; x_wconf 89' lang='lat' dir='ltr'>sedi</span> 
     </span>
     <span class='ocr_line' id='line_1_9' title="bbox 189 1135 468 1197; baseline -0.011 0"><span class='ocrx_word' id='word_1_58' title='bbox 189 1138 313 1197; x_wconf 87' lang='lat' dir='ltr'>adnexa</span> <span class='ocrx_word' id='word_1_59' title='bbox 324 1135 468 1195; x_wconf 91' lang='lat' dir='ltr'>habetur.</span> 
     </span>
    </p>

    <p class='ocr_par' dir='ltr' id='par_1_3' title="bbox 189 1222 1131 1861">
     <span class='ocr_line' id='line_1_10' title="bbox 229 1222 1131 1307; baseline -0.009 -17"><span class='ocrx_word' id='word_1_60' title='bbox 229 1233 260 1290; x_wconf 70' lang='grc' dir='ltr'>1ο</span> <span class='ocrx_word' id='word_1_61' title='bbox 273 1227 383 1307; x_wconf 83' lang='lat' dir='ltr'>Legati</span> <span class='ocrx_word' id='word_1_62' title='bbox 395 1227 482 1287; x_wconf 88' lang='lat' dir='ltr'>missi</span> <span class='ocrx_word' id='word_1_63' title='bbox 495 1244 557 1287; x_wconf 92' lang='lat' dir='ltr'>non</span> <span class='ocrx_word' id='word_1_64' title='bbox 578 1225 696 1286; x_wconf 88' lang='lat' dir='ltr'>habent</span> <span class='ocrx_word' id='word_1_65' title='bbox 711 1222 913 1302; x_wconf 81' lang='lat' dir='ltr'>originariam</span> <span class='ocrx_word' id='word_1_66' title='bbox 935 1223 990 1283; x_wconf 89' lang='lat' dir='ltr'>sed</span> <span class='ocrx_word' id='word_1_67' title='bbox 1011 1222 1131 1301; x_wconf 93' lang='lat' dir='ltr'>simpli-</span> 
     </span>
     <span class='ocr_line' id='line_1_11' title="bbox 189 1317 1130 1399; baseline -0.004 -18"><span class='ocrx_word' id='word_1_68' title='bbox 189 1318 719 1399; x_wconf 84' lang='lat' dir='ltr'>citerdelegatamjurisdiotionem.</span> <span class='ocrx_word' id='word_1_69' title='bbox 731 1319 812 1376; x_wconf 89' lang='lat' dir='ltr'>Nam</span> <span class='ocrx_word' id='word_1_70' title='bbox 822 1317 1130 1395; x_wconf 74' lang='lat' dir='ltr'>praeterquamquod</span> 
     </span>
     <span class='ocr_line' id='line_1_12' title="bbox 189 1409 1130 1488; baseline -0.006 -14"><span class='ocrx_word' id='word_1_71' title='bbox 189 1414 250 1474; x_wconf 93' lang='lat' dir='ltr'>sint</span> <span class='ocrx_word' id='word_1_72' title='bbox 260 1412 299 1472; x_wconf 90' lang='lat' dir='ltr'>da</span> <span class='ocrx_word' id='word_1_73' title='bbox 310 1412 450 1472; x_wconf 91' lang='lat' dir='ltr'>humana</span> <span class='ocrx_word' id='word_1_74' title='bbox 463 1411 667 1486; x_wconf 82' lang='lat' dir='ltr'>institutione,</span> <span class='ocrx_word' id='word_1_75' title='bbox 678 1428 794 1470; x_wconf 91' lang='lat' dir='ltr'>nomen</span> <span class='ocrx_word' id='word_1_76' title='bbox 807 1412 839 1470; x_wconf 90' lang='lat' dir='ltr'>et</span> <span class='ocrx_word' id='word_1_77' title='bbox 851 1409 956 1486; x_wconf 90' lang='lat' dir='ltr'>ipsum</span> <span class='ocrx_word' id='word_1_78' title='bbox 967 1409 1130 1488; x_wconf 84' lang='lat' dir='ltr'>dignitatis</span> 
     </span>
     <span class='ocr_line' id='line_1_13' title="bbox 190 1502 1130 1586; baseline -0.005 -19"><span class='ocrx_word' id='word_1_79' title='bbox 190 1524 285 1586; x_wconf 90' lang='lat' dir='ltr'>qnam</span> <span class='ocrx_word' id='word_1_80' title='bbox 296 1505 435 1582; x_wconf 89' lang='lat' dir='ltr'>habent,</span> <span class='ocrx_word' id='word_1_81' title='bbox 452 1503 527 1565; x_wconf 89' lang='lat' dir='ltr'>satis</span> <span class='ocrx_word' id='word_1_82' title='bbox 540 1502 659 1563; x_wconf 90' lang='lat' dir='ltr'>indicat</span> <span class='ocrx_word' id='word_1_83' title='bbox 673 1521 726 1564; x_wconf 94' lang='lat' dir='ltr'>eos</span> <span class='ocrx_word' id='word_1_84' title='bbox 736 1521 800 1563; x_wconf 89' lang='lat' dir='ltr'>non</span> <span class='ocrx_word' id='word_1_85' title='bbox 810 1502 928 1562; x_wconf 90' lang='lat' dir='ltr'>habere</span> <span class='ocrx_word' id='word_1_86' title='bbox 946 1502 1044 1563; x_wconf 91' lang='lat' dir='ltr'>aliam</span> <span class='ocrx_word' id='word_1_87' title='bbox 1059 1521 1130 1563; x_wconf 82' lang='lat' dir='ltr'>auc</span> 
     </span>
     <span class='ocr_line' id='line_1_14' title="bbox 189 1597 1130 1675; baseline -0.005 -15"><span class='ocrx_word' id='word_1_88' title='bbox 189 1599 348 1660; x_wconf 85' lang='lat' dir='ltr'>toritatem</span> <span class='ocrx_word' id='word_1_89' title='bbox 360 1597 418 1658; x_wconf 91' lang='lat' dir='ltr'>nisi</span> <span class='ocrx_word' id='word_1_90' title='bbox 431 1597 517 1658; x_wconf 90' lang='lat' dir='ltr'>illam</span> <span class='ocrx_word' id='word_1_91' title='bbox 530 1614 593 1675; x_wconf 91' lang='lat' dir='ltr'>qua</span> <span class='ocrx_word' id='word_1_92' title='bbox 606 1598 834 1674; x_wconf 86' lang='lat' dir='ltr'>repraesentant</span> <span class='ocrx_word' id='word_1_93' title='bbox 849 1597 1028 1656; x_wconf 85' lang='lat' dir='ltr'>Romanum</span> <span class='ocrx_word' id='word_1_94' title='bbox 1050 1597 1130 1657; x_wconf 90' lang='lat' dir='ltr'>Pon·</span> 
     </span>
     <span class='ocr_line' id='line_1_15' title="bbox 189 1687 1129 1768; baseline -0.004 -16"><span class='ocrx_word' id='word_1_95' title='bbox 189 1692 315 1752; x_wconf 90' lang='lat' dir='ltr'>tifieem.</span> <span class='ocrx_word' id='word_1_96' title='bbox 343 1692 422 1752; x_wconf 90' lang='lat' dir='ltr'>Sunt</span> <span class='ocrx_word' id='word_1_97' title='bbox 447 1689 531 1749; x_wconf 91' lang='lat' dir='ltr'>enim</span> <span class='ocrx_word' id='word_1_98' title='bbox 550 1689 646 1768; x_wconf 88' lang='lat' dir='ltr'>legati</span> <span class='ocrx_word' id='word_1_99' title='bbox 669 1687 842 1767; x_wconf 89' lang='lat' dir='ltr'>apostolici,</span> <span class='ocrx_word' id='word_1_100' title='bbox 868 1687 902 1747; x_wconf 89' lang='lat' dir='ltr'>id</span> <span class='ocrx_word' id='word_1_101' title='bbox 930 1692 978 1749; x_wconf 89' lang='lat' dir='ltr'>est</span> <span class='ocrx_word' id='word_1_102' title='bbox 997 1689 1129 1749; x_wconf 87' lang='lat' dir='ltr'>Romani</span> 
     </span>
     <span class='ocr_line' id='line_1_16' title="bbox 190 1779 1130 1861; baseline -0.003 -17"><span class='ocrx_word' id='word_1_103' title='bbox 190 1782 358 1844; x_wconf 85' lang='lat' dir='ltr'>Pontificis.</span> <span class='ocrx_word' id='word_1_104' title='bbox 380 1784 551 1860; x_wconf 89' lang='lat' dir='ltr'>Propterea</span> <span class='ocrx_word' id='word_1_105' title='bbox 562 1782 687 1843; x_wconf 91' lang='lat' dir='ltr'>illorum</span> <span class='ocrx_word' id='word_1_106' title='bbox 703 1779 881 1861; x_wconf 88' lang='lat' dir='ltr'>jurisdictio</span> <span class='ocrx_word' id='word_1_107' title='bbox 902 1780 1024 1859; x_wconf 85' lang='lat' dir='ltr'>regitur</span> <span class='ocrx_word' id='word_1_108' title='bbox 1048 1782 1130 1859; x_wconf 83' lang='lat' dir='ltr'>prin-</span> 
     </span>
    </p>
   </div>
   <div class='ocr_carea' id='block_1_3' title="bbox 190 1874 1256 2050">
    <p class='ocr_par' dir='ltr' id='par_1_4' title="bbox 190 1874 1256 2050">
     <span class='ocr_line' id='line_1_17' title="bbox 190 1874 1256 1954; baseline -0.008 -16"><span class='ocrx_word' id='word_1_109' title='bbox 190 1875 270 1954; x_wconf 90' lang='lat' dir='ltr'>cipio</span> <span class='ocrx_word' id='word_1_110' title='bbox 285 1874 438 1953; x_wconf 73' lang='lat' dir='ltr'>delegata</span> <span class='ocrx_word' id='word_1_111' title='bbox 453 1875 658 1951; x_wconf 89' lang='lat' dir='ltr'>auctoritatis,</span> <span class='ocrx_word' id='word_1_112' title='bbox 671 1893 733 1954; x_wconf 85' lang='lat' dir='ltr'>quo</span> <span class='ocrx_word' id='word_1_113' title='bbox 744 1892 857 1953; x_wconf 89' lang='lat' dir='ltr'>nempe</span> <span class='ocrx_word' id='word_1_114' title='bbox 868 1877 990 1935; x_wconf 88' lang='lat' dir='ltr'>tautum</span> <span class='ocrx_word' id='word_1_115' title='bbox 1000 1879 1132 1953; x_wconf 87' lang='lat' dir='ltr'>possunt</span> <span class='ocrx_word' id='word_1_116' title='bbox 1255 1891 1256 1930; x_wconf 69' lang='lat' dir='ltr'>i</span> 
     </span>
     <span class='ocr_line' id='line_1_18' title="bbox 190 1965 1256 2050; baseline -0.001 -20"><span class='ocrx_word' id='word_1_117' title='bbox 190 1970 343 2050; x_wconf 90' lang='lat' dir='ltr'>quantum</span> <span class='ocrx_word' id='word_1_118' title='bbox 357 1967 431 2047; x_wconf 92' lang='lat' dir='ltr'>ipsis</span> <span class='ocrx_word' id='word_1_119' title='bbox 446 1967 781 2030; x_wconf 88' lang='lat' dir='ltr'>demonstraturfuisse</span> <span class='ocrx_word' id='word_1_120' title='bbox 795 1967 1032 2045; x_wconf 90' lang='lat' dir='ltr'>demandatum,</span> <span class='ocrx_word' id='word_1_121' title='bbox 1050 1969 1101 2029; x_wconf 88' lang='lat' dir='ltr'>vel</span> <span class='ocrx_word' id='word_1_122' title='bbox 1113 1987 1131 2030; x_wconf 91' lang='lat' dir='ltr'>a</span> <span class='ocrx_word' id='word_1_123' title='bbox 1255 1965 1256 1988; x_wconf 80' lang='lat'>³</span> 
     </span>
    </p>
   </div>
   <div class='ocr_carea' id='block_1_4' title="bbox 108 2060 1130 3629">
    <p class='ocr_par' dir='ltr' id='par_1_5' title="bbox 108 2060 1130 2236">
     <span class='ocr_line' id='line_1_19' title="bbox 108 2060 1130 2143; baseline -0.001 -19"><span class='ocrx_word' id='word_1_124' title='bbox 108 2093 110 2097; x_wconf 32' lang='lat' dir='ltr'>v</span> <span class='ocrx_word' id='word_1_125' title='bbox 186 2063 257 2143; x_wconf 84' lang='lat' dir='ltr'>jure</span> <span class='ocrx_word' id='word_1_126' title='bbox 271 2060 409 2142; x_wconf 88' lang='lat' dir='ltr'>quidem,</span> <span class='ocrx_word' id='word_1_127' title='bbox 432 2062 482 2123; x_wconf 91' lang='lat' dir='ltr'>vel</span> <span class='ocrx_word' id='word_1_128' title='bbox 497 2081 517 2122; x_wconf 93' lang='lat' dir='ltr'>a</span> <span class='ocrx_word' id='word_1_129' title='bbox 534 2061 644 2124; x_wconf 90' lang='lat' dir='ltr'>litteris</span> <span class='ocrx_word' id='word_1_130' title='bbox 670 2060 858 2139; x_wconf 81' lang='lat' dir='ltr'>specialibus</span> <span class='ocrx_word' id='word_1_131' title='bbox 878 2061 992 2140; x_wconf 88' lang='lat' dir='ltr'>quihus</span> <span class='ocrx_word' id='word_1_132' title='bbox 1012 2061 1130 2140; x_wconf 88' lang='lat' dir='ltr'>legatio</span> 
     </span>
     <span class='ocr_line' id='line_1_20' title="bbox 190 2155 496 2236; baseline -0.003 -20"><span class='ocrx_word' id='word_1_133' title='bbox 190 2155 418 2236; x_wconf 87' lang='lat' dir='ltr'>illisimpertita</span> <span class='ocrx_word' id='word_1_134' title='bbox 439 2159 496 2217; x_wconf 89' lang='lat' dir='ltr'>est.</span> 
     </span>
    </p>

    <p class='ocr_par' dir='ltr' id='par_1_6' title="bbox 191 2246 1130 2790">
     <span class='ocr_line' id='line_1_21' title="bbox 229 2246 1129 2329; baseline -0.003 -18"><span class='ocrx_word' id='word_1_135' title='bbox 229 2254 263 2311; x_wconf 73' lang='lat'>2⁰</span> <span class='ocrx_word' id='word_1_136' title='bbox 277 2249 456 2311; x_wconf 82' lang='lat' dir='ltr'>Auctoritas</span> <span class='ocrx_word' id='word_1_137' title='bbox 477 2266 546 2329; x_wconf 84' lang='lat' dir='ltr'>quae</span> <span class='ocrx_word' id='word_1_138' title='bbox 566 2247 615 2307; x_wconf 91' lang='lat' dir='ltr'>his</span> <span class='ocrx_word' id='word_1_139' title='bbox 630 2246 835 2308; x_wconf 91' lang='lat' dir='ltr'>committitur</span> <span class='ocrx_word' id='word_1_140' title='bbox 849 2247 960 2327; x_wconf 87' lang='lat' dir='ltr'>legatis</span> <span class='ocrx_word' id='word_1_141' title='bbox 979 2251 1028 2309; x_wconf 88' lang='lat' dir='ltr'>est</span> <span class='ocrx_word' id='word_1_142' title='bbox 1036 2248 1129 2328; x_wconf 89' lang='lat' dir='ltr'>juris-</span> 
     </span>
     <span class='ocr_line' id='line_1_22' title="bbox 191 2340 1130 2421; baseline -0.002 -19"><span class='ocrx_word' id='word_1_143' title='bbox 191 2341 335 2403; x_wconf 85' lang='lat' dir='ltr'>dictionis</span> <span class='ocrx_word' id='word_1_144' title='bbox 358 2340 650 2421; x_wconf 90' lang='lat' dir='ltr'>supraepiscopalis.</span> <span class='ocrx_word' id='word_1_145' title='bbox 675 2340 840 2402; x_wconf 90' lang='lat' dir='ltr'>Mittuntur</span> <span class='ocrx_word' id='word_1_146' title='bbox 863 2341 948 2400; x_wconf 85' lang='lat' dir='ltr'>enim</span> <span class='ocrx_word' id='word_1_147' title='bbox 967 2341 1009 2401; x_wconf 93' lang='lat' dir='ltr'>ad</span> <span class='ocrx_word' id='word_1_148' title='bbox 1031 2341 1130 2402; x_wconf 91' lang='lat' dir='ltr'>instar</span> 
     </span>
     <span class='ocr_line' id='line_1_23' title="bbox 191 2431 1128 2513; baseline 0.002 -19"><span class='ocrx_word' id='word_1_149' title='bbox 191 2435 414 2513; x_wconf 88' lang='lat' dir='ltr'>proconsulum</span> <span class='ocrx_word' id='word_1_150' title='bbox 428 2435 478 2494; x_wconf 82' lang='lat' dir='ltr'>vel</span> <span class='ocrx_word' id='word_1_151' title='bbox 487 2434 659 2511; x_wconf 87' lang='lat' dir='ltr'>praesidum</span> <span class='ocrx_word' id='word_1_152' title='bbox 680 2431 924 2511; x_wconf 86' lang='lat' dir='ltr'>provinciarum,</span> <span class='ocrx_word' id='word_1_153' title='bbox 954 2438 990 2494; x_wconf 94' lang='lat' dir='ltr'>ut</span> <span class='ocrx_word' id='word_1_154' title='bbox 1013 2433 1046 2493; x_wconf 91' lang='lat' dir='ltr'>in</span> <span class='ocrx_word' id='word_1_155' title='bbox 1064 2438 1128 2496; x_wconf 91' lang='lat' dir='ltr'>tota</span> 
     </span>
     <span class='ocr_line' id='line_1_24' title="bbox 191 2525 1130 2607; baseline 0.003 -21"><span class='ocrx_word' id='word_1_156' title='bbox 191 2525 356 2607; x_wconf 87' lang='lat' dir='ltr'>provincia</span> <span class='ocrx_word' id='word_1_157' title='bbox 375 2543 557 2604; x_wconf 90' lang='lat' dir='ltr'>supremam</span> <span class='ocrx_word' id='word_1_158' title='bbox 574 2528 802 2604; x_wconf 82' lang='lat' dir='ltr'>repraesentent</span> <span class='ocrx_word' id='word_1_159' title='bbox 818 2525 1064 2588; x_wconf 86' lang='lat' dir='ltr'>ecclesiasticam</span> <span class='ocrx_word' id='word_1_160' title='bbox 1076 2547 1130 2606; x_wconf 94' lang='lat' dir='ltr'>po-</span> 
     </span>
     <span class='ocr_line' id='line_1_25' title="bbox 192 2618 1127 2700; baseline -0.002 -18"><span class='ocrx_word' id='word_1_161' title='bbox 192 2623 349 2683; x_wconf 86' lang='lat' dir='ltr'>testatem.</span> <span class='ocrx_word' id='word_1_162' title='bbox 378 2619 468 2682; x_wconf 90' lang='lat' dir='ltr'>Uude</span> <span class='ocrx_word' id='word_1_163' title='bbox 490 2618 550 2679; x_wconf 89' lang='lat' dir='ltr'>illis</span> <span class='ocrx_word' id='word_1_164' title='bbox 572 2637 680 2684; x_wconf 91' lang='lat' dir='ltr'>omnes</span> <span class='ocrx_word' id='word_1_165' title='bbox 697 2619 822 2680; x_wconf 88' lang='lat' dir='ltr'>obnoxii</span> <span class='ocrx_word' id='word_1_166' title='bbox 838 2619 998 2682; x_wconf 89' lang='lat' dir='ltr'>habentur</span> <span class='ocrx_word' id='word_1_167' title='bbox 1017 2620 1072 2700; x_wconf 87' lang='lat' dir='ltr'>qui</span> <span class='ocrx_word' id='word_1_168' title='bbox 1098 2621 1127 2680; x_wconf 91' lang='lat' dir='ltr'>in</span> 
     </span>
     <span class='ocr_line' id='line_1_26' title="bbox 192 2697 833 2790; baseline 0 -18"><span class='ocrx_word' id='word_1_169' title='bbox 192 2713 354 2790; x_wconf 89' lang='lat' dir='ltr'>provincia</span> <span class='ocrx_word' id='word_1_170' title='bbox 367 2717 440 2776; x_wconf 90' lang='lat' dir='ltr'>sunt</span> <span class='ocrx_word' id='word_1_171' title='bbox 455 2712 616 2775; x_wconf 89' lang='lat' dir='ltr'>ordinarii.</span> <span class='ocrx_word' id='word_1_172' title='bbox 823 2697 833 2718; x_wconf 73' lang='lat'>&#39;</span> 
     </span>
    </p>

    <p class='ocr_par' dir='ltr' id='par_1_7' title="bbox 191 2805 1127 3349">
     <span class='ocr_line' id='line_1_27' title="bbox 232 2805 1125 2884; baseline 0.002 -20"><span class='ocrx_word' id='word_1_173' title='bbox 232 2807 262 2864; x_wconf 82' lang='lat'>3⁰</span> <span class='ocrx_word' id='word_1_174' title='bbox 278 2806 340 2866; x_wconf 89' lang='lat' dir='ltr'>Sed</span> <span class='ocrx_word' id='word_1_175' title='bbox 357 2805 472 2866; x_wconf 90' lang='lat' dir='ltr'>horum</span> <span class='ocrx_word' id='word_1_176' title='bbox 489 2807 667 2884; x_wconf 83' lang='lat' dir='ltr'>legatorum</span> <span class='ocrx_word' id='word_1_177' title='bbox 687 2805 825 2866; x_wconf 87' lang='lat' dir='ltr'>officium</span> <span class='ocrx_word' id='word_1_178' title='bbox 841 2805 917 2866; x_wconf 92' lang='lat' dir='ltr'>nulli</span> <span class='ocrx_word' id='word_1_179' title='bbox 932 2805 1000 2866; x_wconf 89' lang='lat' dir='ltr'>sadi</span> <span class='ocrx_word' id='word_1_180' title='bbox 1015 2807 1065 2867; x_wconf 92' lang='lat' dir='ltr'>vel</span> <span class='ocrx_word' id='word_1_181' title='bbox 1083 2807 1125 2866; x_wconf 93' lang='lat' dir='ltr'>rei</span> 
     </span>
     <span class='ocr_line' id='line_1_28' title="bbox 193 2896 1125 2978; baseline 0.002 -21"><span class='ocrx_word' id='word_1_182' title='bbox 193 2896 563 2975; x_wconf 85' lang='lat' dir='ltr'>determinateaadhaeret‚</span> <span class='ocrx_word' id='word_1_183' title='bbox 572 2898 661 2958; x_wconf 90' lang='lat' dir='ltr'>sicuti</span> <span class='ocrx_word' id='word_1_184' title='bbox 672 2897 957 2978; x_wconf 88' lang='lat' dir='ltr'>archiepiscopalis,</span> <span class='ocrx_word' id='word_1_185' title='bbox 967 2899 1125 2977; x_wconf 91' lang='lat' dir='ltr'>primatia·</span> 
     </span>
     <span class='ocr_line' id='line_1_29' title="bbox 191 2989 1126 3070; baseline 0.003 -20"><span class='ocrx_word' id='word_1_186' title='bbox 191 2989 229 3051; x_wconf 91' lang='lat' dir='ltr'>lis</span> <span class='ocrx_word' id='word_1_187' title='bbox 241 2989 291 3050; x_wconf 90' lang='lat' dir='ltr'>vel</span> <span class='ocrx_word' id='word_1_188' title='bbox 301 2989 517 3068; x_wconf 87' lang='lat' dir='ltr'>patriarchalis</span> <span class='ocrx_word' id='word_1_189' title='bbox 537 2990 683 3070; x_wconf 89' lang='lat' dir='ltr'>dignitas,</span> <span class='ocrx_word' id='word_1_190' title='bbox 712 2991 767 3051; x_wconf 90' lang='lat' dir='ltr'>sed</span> <span class='ocrx_word' id='word_1_191' title='bbox 781 3009 924 3070; x_wconf 85' lang='lat' dir='ltr'>personae</span> <span class='ocrx_word' id='word_1_192' title='bbox 946 2991 1126 3054; x_wconf 91' lang='lat' dir='ltr'>immediate</span> 
     </span>
     <span class='ocr_line' id='line_1_30' title="bbox 192 3082 1126 3165; baseline 0 -19"><span class='ocrx_word' id='word_1_193' title='bbox 192 3082 405 3146; x_wconf 84' lang='lat' dir='ltr'>committitur.</span> <span class='ocrx_word' id='word_1_194' title='bbox 416 3083 505 3145; x_wconf 91' lang='lat' dir='ltr'>Unde</span> <span class='ocrx_word' id='word_1_195' title='bbox 514 3083 731 3145; x_wconf 87' lang='lat' dir='ltr'>consideratur</span> <span class='ocrx_word' id='word_1_196' title='bbox 739 3087 891 3164; x_wconf 85' lang='lat' dir='ltr'>tanquam</span> <span class='ocrx_word' id='word_1_197' title='bbox 898 3083 1017 3163; x_wconf 86' lang='lat' dir='ltr'>gradus</span> <span class='ocrx_word' id='word_1_198' title='bbox 1029 3085 1126 3165; x_wconf 89' lang='lat' dir='ltr'>digni-</span> 
     </span>
     <span class='ocr_line' id='line_1_31' title="bbox 192 3175 1127 3258; baseline -0.002 -18"><span class='ocrx_word' id='word_1_199' title='bbox 192 3177 264 3240; x_wconf 87' lang='lat' dir='ltr'>tatis</span> <span class='ocrx_word' id='word_1_200' title='bbox 278 3175 460 3256; x_wconf 86' lang='lat' dir='ltr'>personalis,</span> <span class='ocrx_word' id='word_1_201' title='bbox 478 3195 548 3257; x_wconf 89' lang='lat' dir='ltr'>quae</span> <span class='ocrx_word' id='word_1_202' title='bbox 563 3195 854 3255; x_wconf 89' lang='lat' dir='ltr'>nempepersonam</span> <span class='ocrx_word' id='word_1_203' title='bbox 872 3177 1025 3258; x_wconf 89' lang='lat' dir='ltr'>sequitur.</span> <span class='ocrx_word' id='word_1_204' title='bbox 1050 3181 1127 3250; x_wconf 81' lang='lat' dir='ltr'>Oua-</span> 
     </span>
     <span class='ocr_line' id='line_1_32' title="bbox 192 3270 841 3349; baseline 0 -18"><span class='ocrx_word' id='word_1_205' title='bbox 192 3274 320 3349; x_wconf 92' lang='lat' dir='ltr'>propter</span> <span class='ocrx_word' id='word_1_206' title='bbox 330 3273 430 3330; x_wconf 88' lang='lat' dir='ltr'>morte</span> <span class='ocrx_word' id='word_1_207' title='bbox 442 3287 584 3348; x_wconf 67' lang='lat' dir='ltr'>personae</span> <span class='ocrx_word' id='word_1_208' title='bbox 596 3270 679 3330; x_wconf 89' lang='lat' dir='ltr'>dese</span> <span class='ocrx_word' id='word_1_209' title='bbox 694 3270 841 3349; x_wconf 87' lang='lat' dir='ltr'>exspirat.</span> 
     </span>
    </p>

    <p class='ocr_par' dir='ltr' id='par_1_8' title="bbox 192 3361 1127 3629">
     <span class='ocr_line' id='line_1_33' title="bbox 231 3361 1127 3443; baseline 0.001 -21"><span class='ocrx_word' id='word_1_210' title='bbox 231 3367 265 3422; x_wconf 72' lang='lat'>4⁰</span> <span class='ocrx_word' id='word_1_211' title='bbox 281 3363 343 3424; x_wconf 90' lang='lat' dir='ltr'>Sed</span> <span class='ocrx_word' id='word_1_212' title='bbox 354 3361 491 3423; x_wconf 84' lang='lat' dir='ltr'>officium</span> <span class='ocrx_word' id='word_1_213' title='bbox 501 3361 561 3423; x_wconf 92' lang='lat' dir='ltr'>hoo</span> <span class='ocrx_word' id='word_1_214' title='bbox 575 3366 622 3424; x_wconf 86' lang='lat' dir='ltr'>est</span> <span class='ocrx_word' id='word_1_215' title='bbox 633 3363 672 3423; x_wconf 94' lang='lat' dir='ltr'>de</span> <span class='ocrx_word' id='word_1_216' title='bbox 686 3362 758 3443; x_wconf 85' lang='lat' dir='ltr'>jure</span> <span class='ocrx_word' id='word_1_217' title='bbox 773 3364 943 3441; x_wconf 89' lang='lat' dir='ltr'>communi,</span> <span class='ocrx_word' id='word_1_218' title='bbox 958 3383 1015 3425; x_wconf 88' lang='lat' dir='ltr'>seu</span> <span class='ocrx_word' id='word_1_219' title='bbox 1033 3381 1127 3443; x_wconf 83' lang='lat' dir='ltr'>gene-</span> 
     </span>
     <span class='ocr_line' id='line_1_34' title="bbox 192 3455 1126 3536; baseline 0.005 -24"><span class='ocrx_word' id='word_1_220' title='bbox 192 3455 299 3514; x_wconf 87' lang='lat' dir='ltr'>raliter</span> <span class='ocrx_word' id='word_1_221' title='bbox 311 3455 343 3513; x_wconf 90' lang='lat' dir='ltr'>in</span> <span class='ocrx_word' id='word_1_222' title='bbox 353 3455 420 3532; x_wconf 93' lang='lat' dir='ltr'>ipso</span> <span class='ocrx_word' id='word_1_223' title='bbox 432 3455 503 3533; x_wconf 88' lang='lat' dir='ltr'>jure</span> <span class='ocrx_word' id='word_1_224' title='bbox 518 3455 675 3515; x_wconf 92' lang='lat' dir='ltr'>communi</span> <span class='ocrx_word' id='word_1_225' title='bbox 685 3457 841 3534; x_wconf 90' lang='lat' dir='ltr'>reperitur</span> <span class='ocrx_word' id='word_1_226' title='bbox 853 3457 1027 3519; x_wconf 83' lang='lat' dir='ltr'>definitum.</span> <span class='ocrx_word' id='word_1_227' title='bbox 1043 3459 1126 3536; x_wconf 81' lang='lat' dir='ltr'>Ergo</span> 
     </span>
     <span class='ocr_line' id='line_1_35' title="bbox 194 3544 1125 3629; baseline 0.013 -30"><span class='ocrx_word' id='word_1_228' title='bbox 194 3544 361 3603; x_wconf 86' lang='lat' dir='ltr'>auctoritas</span> <span class='ocrx_word' id='word_1_229' title='bbox 370 3545 443 3604; x_wconf 90' lang='lat' dir='ltr'>huic</span> <span class='ocrx_word' id='word_1_230' title='bbox 453 3545 555 3605; x_wconf 85' lang='lat' dir='ltr'>officio</span> <span class='ocrx_word' id='word_1_231' title='bbox 569 3547 761 3622; x_wconf 88' lang='lat' dir='ltr'>respondens</span> <span class='ocrx_word' id='word_1_232' title='bbox 776 3568 839 3611; x_wconf 92' lang='lat' dir='ltr'>non</span> <span class='ocrx_word' id='word_1_233' title='bbox 853 3544 995 3611; x_wconf 90' lang='lat' dir='ltr'>innititur</span> <span class='ocrx_word' id='word_1_234' title='bbox 1009 3550 1125 3629; x_wconf 90' lang='lat' dir='ltr'>simpli-</span> 
     </span>
    </p>
   </div>
   <div class='ocr_carea' id='block_1_5' title="bbox 0 0 1278 4122">
    <p class='ocr_par' dir='ltr' id='par_1_9' title="bbox 0 0 1278 4122">
     <span class='ocr_line' id='line_1_36' title="bbox 0 0 1278 4122; baseline 0 0"><span class='ocrx_word' id='word_1_235' title='bbox 0 0 1278 4122; x_wconf 95' lang='lat' dir='ltr'> </span> 
     </span>
    </p>
   </div>
  </div>
 </body>
</html>
