2518 4144
206 312 246 374 80
419 325 647 372 rusrrrurrouas
667 326 749 372 rurus
772 323 925 370 eruamur.

208 468 314 532 statim
342 468 499 545 deveniat,
522 480 616 548 v.·g.'‚
641 469 694 529 ubi
724 466 899 546 periculum
917 466 958 526 sit
977 466 1011 526 in
1036 485 1150 544 mora,

209 581 265 622 seu
277 561 403 640 publica
417 561 557 621 fidelium
572 561 656 622 salus
670 561 852 622 ulteriorem
872 559 1008 637 amplius
1022 578 1151 620 moram
1240 641 1241 648 ἵ

210 671 273 715 nun
285 653 432 732 patiatur,
444 655 494 714 vel
508 654 560 713 ubi
575 655 676 732 poenis
697 653 888 730 exasperatis
904 653 1026 730 sperari
1045 657 1154 730 potest

211 745 295 826 quod
308 746 418 806 melius
432 745 616 826 delinquens
637 749 830 821 coerceatur,
847 745 897 804 vel
908 743 970 805 'irbi
990 745 1046 824 qui
1072 745 1153 806 dcli-

211 841 346 918 qucrunt
372 841 492 900 terrore
518 840 623 918 gravis
649 857 751 917 poenae
779 837 930 916 perculsi,
957 837 1087 898 facilius
1111 839 1152 899 ad

211 948 265 1008 cor
282 930 422 994 redeant.

557 1140 715 1212 SEOTIO
745 1140 791 1208 ll.

213 1367 259 1418 DE
283 1366 434 1418 LEGIBUS
458 1367 569 1419 SENSU
594 1352 787 1418 IMPROPRIO
812 1366 998 1434 AOGEPTIS,
1027 1369 1149 1418 NEMPE

257 1469 305 1519 ua
342 1469 529 1520 comarcus
567 1469 634 1520 sau
679 1467 981 1521 counuerrouraus
1027 1471 1150 1524 uranu

198 1548 201 1556 '
259 1571 621 1626 aconasiasucaauu.
728 1618 731 1621 ,

255 1762 339 1826 Juris
368 1762 567 1824 ecclesiastici
601 1765 789 1842 perscrutari
819 1763 971 1842 arigium,
1000 1765 1147 1826 evolvere

216 1853 397 1931 historiam,
427 1854 618 1934 distinguere
652 1856 786 1936 species,
820 1857 976 1918 aetimare
1009 1858 1148 1920 auctori-

201 1950 324 2023 tatem,
341 1947 519 2026 catalogum
540 1952 657 2026 texere,
672 1967 722 2009 res
749 1952 830 2010 esset
853 1949 1029 2026 utilissima,
1047 1955 1084 2012 ut
1102 1951 1147 2010 in-

216 2040 303 2117 tima,
311 2057 368 2118 pro
376 2039 413 2100 iis
422 2039 474 2119 qui
483 2059 580 2102 sacrae
589 2041 773 2103 eruditionis
781 2042 891 2104 studiis
900 2047 1024 2120 vacant,
1034 2043 1146 2104 horum

217 2133 310 2196 detur
341 2127 497 2212 cognitio,
534 2151 603 2214 qua
631 2138 738 2194 tamen
763 2153 820 2195 nos
847 2135 890 2195 ¹ab
916 2135 1146 2198 institutionum

217 2231 395 2288 nostrarum
426 2245 520 2304 scopo
547 2229 734 2288 averterent.
762 2227 890 2288 Limites
919 2228 1004 2288 enim
1035 2229 1147 2309 quibus

217 2321 416 2379 coarctantur
442 2319 527 2380 haud
552 2319 658 2380 sinunt
672 2338 729 2380 nos
755 2339 812 2398 per
832 2319 1012 2400 hujusmodi
1039 2322 1146 2382 indefi-

215 2409 317 2470 nitum
344 2411 526 2471 eruditionis
552 2412 770 2474 ecclesiasticae
793 2431 940 2491 eampum
966 2416 1144 2494 pervagari.

216 2501 338 2565 Sufficit
352 2502 524 2564 utillorum
539 2507 662 2566 tantum
683 2505 826 2566 notitiam
850 2507 1060 2585 praebeamus,
1079 2526 1146 2588 quae
1240 2539 1241 2568 1

215 2596 362 2675 ignorare
389 2597 477 2658 nefas
506 2601 589 2660 esset
613 2597 651 2657 iis
665 2598 718 2676 qui
740 2599 789 2658 vel
813 2617 832 2658 a
859 2599 965 2659 limine
985 2600 1147 2663 scientiam
1240 2621 1241 2648 ὲ

216 2688 303 2749 illam
316 2690 453 2751 salutare
475 2689 533 2750 sibi
548 2694 738 2769 proponunt,
764 2691 804 2750 ad
829 2691 889 2752 hoc
903 2692 1022 2754 scilicet
1037 2698 1073 2755 ut
1100 2712 1147 2755 co·
1240 2687 1241 2706 ³

216 2798 368 2859 gnoscere
382 2783 502 2860 possint
516 2783 586 2844 loca
596 2783 650 2849 ubi
663 2783 749 2862 leges
763 2783 876 2863 quibus
890 2785 1009 2846 utimur
1022 2785 1064 2847 ab
1075 2786 1146 2865 ipsis

216 2872 425 2935 inveniantur.

256 2966 488 3028 Tractationam
501 2985 576 3047 ergo
586 2971 727 3029 nostram
739 2969 778 3032 de
793 2971 952 3032 codicibus
967 2973 1017 3032 vel
1037 2973 1146 3034 collec-

216 3057 354 3120 tionibus
365 3057 445 3138 juris
463 3060 665 3122 ecclesiastici
682 3079 863 3124 coercemus
882 3064 923 3124 ad
941 3064 1010 3126 illas
1025 3068 1145 3128 tantum

219 3167 288 3232 quae
311 3151 465 3232 majorem
479 3153 693 3215 celebritatem
708 3159 807 3217 nacta
822 3160 905 3233 sunt,
920 3175 1055 3238 quaeque
1070 3159 1144 3221 scitu

216 3245 318 3325 magis
331 3245 514 3306 necessaria
530 3249 603 3306 sunt
613 3250 647 3308 ut
654 3247 734 3326 juris
749 3267 811 3328 quo
831 3249 949 3310 utimur
961 3249 1068 3328 hodic,
1088 3252 1144 3314 suf-

215 3337 323 3400 ficiens
344 3337 499 3400 habeatur
513 3339 632 3400 notitia.
660 3341 726 3404 Hoc
743 3343 962 3420 praestabimus
986 3346 1142 3424 sequendo

187 3434 191 3441 '
216 3432 359 3492 ordinem
387 3432 638 3510 vulgatissimum
664 3431 745 3494 inter
768 3440 927 3513 auctores,
944 3456 1005 3517 quo
1030 3439 1143 3500 scilicet

215 3521 397 3586 dividuntur
412 3524 461 3585 ha
484 3523 683 3585 collectiones
703 3524 734 3584 in
748 3530 812 3587 tres
836 3531 949 3590 classes
974 3531 1142 3592 secundum
