2542 4122
212 365 269 424 nm
420 375 648 421 rnsrrrurronns
669 376 752 422 rums
775 357 929 420 canonici.

213 537 308 580 causa
322 518 380 579 nisi
397 522 432 580 ut
442 521 605 579 servarent
617 518 765 598 pacificas
776 517 943 578 relationes
954 517 1036 577 inter
1046 534 1146 576 sacer-

213 613 334 673 dotium
360 616 392 672 et
414 611 590 690 imperium.
616 613 740 671 Nullam
764 614 870 670 tamen
895 610 1093 688 explicabant
1115 610 1147 669 in

212 707 281 766 loco
297 723 360 765 suae
375 704 540 784 legationis
560 703 812 784 jurisdictionem
831 704 1088 776 eeclesiasticam
1108 703 1148 764 si-

214 799 340 876 quidem
358 798 418 858 hac
439 797 470 856 in
489 801 578 876 parte
600 796 826 878 providebatur
848 816 904 874 per
922 797 1148 858 institutionem

215 891 346 951 realium
378 891 566 969 dignitatum
604 889 925 968 supraepiscopalium
949 908 1093 949 necnon
1119 891 1148 948 et

214 986 389 1062 legatorum
403 987 559 1044 natorum.
573 983 710 1060 Ideoque
724 982 754 1041 vi
770 981 931 1058 primaevae
947 1001 1012 1042 suae
1028 981 1148 1042 institu-

215 1077 308 1137 tionis
323 1076 426 1154 potius
442 1075 618 1154 comparari
644 1077 791 1152 poterant
811 1074 963 1134 ministris
978 1065 1035 1134 seu
1050 1078 1148 1135 orato-

215 1168 301 1229 ribus
316 1171 494 1228 exterorum
510 1185 681 1247 regnorum
696 1184 792 1244 quam
817 1165 948 1226 internis
963 1168 1149 1246 gubernato-

215 1262 312 1321 ribus.
879 1330 882 1338 ¹

141 1355 145 1362 '
255 1353 375 1414 Saeculo
386 1371 461 1433 vero
475 1355 538 1430 lX⁰‚
547 1353 606 1414 sub
619 1353 797 1414 Alexandro
810 1351 876 1429 111⁰,
889 1370 961 1412 oum
971 1354 1150 1430 temporum

214 1433 1150 1525 illorumcircumstantiaespecialesrequirebantlegationes⁷

215 1556 273 1598 nec
300 1556 357 1616 per
380 1538 555 1617 simplicem
579 1538 809 1599 institutionem
839 1539 966 1598 illorum
995 1539 1152 1616 graduum

215 1631 291 1691 reali
311 1631 488 1708 auctoritati
514 1630 778 1709 supraepisoopali
805 1631 880 1691 satis
900 1631 1064 1708 provisum
1086 1649 1152 1691 esse

216 1724 385 1800 videretur,
403 1724 499 1801 coepit
524 1723 704 1802 hujusmodi
719 1722 928 1802 apocrisiariis
944 1723 1053 1802 aliqua
1067 1728 1152 1784 extra

218 1815 360 1874 ordinem
385 1815 561 1894 jurisdictio
590 1815 871 1894 supraepiseopalis
899 1817 1042 1894 gerenda
1069 1835 1152 1877 oom-

217 1907 296 1968 1nitti
305 1907 337 1966 in
347 1908 415 1967 loco
429 1927 493 1969 suae
503 1909 679 1988 legationis
694 1928 827 1970 necnon
837 1908 889 1968 alii
902 1908 982 1970 mitti
993 1913 1156 1988 coeperunt

218 1999 310 2080 liujus
325 2001 490 2079 legationis
505 2019 635 2062 munere
651 2001 799 2080 insigniti.

258 2095 336 2155 Cum
351 2093 399 2154 hae
415 2095 588 2173 legationes
604 2113 673 2174 quae
690 2099 778 2156 extra
793 2094 936 2155 ordinem
959 2094 1028 2154 fieri
1052 2113 1154 2172 00000-

218 2190 299 2264 rant,
323 2187 518 2248 continerent
532 2187 739 2264 amplissimas
749 2187 923 2262 facultates
936 2187 1101 2247 obscurari
1116 2187 1153 2247 ab

218 2279 262 2339 eis
288 2281 356 2341 visa
378 2285 425 2342 est
450 2281 585 2360 dignitas
609 2284 794 2341 caeterorum
820 2281 1013 2358 legatorum3
1042 2280 1153 2340 deinde

217 2373 417 2449 multiplicari
433 2377 606 2452 coeperunt,
621 2373 748 2433 demum
762 2373 793 2432 in
805 2372 997 2433 ordinariam
1018 2373 1152 2434 transire

214 2463 476 2541 jurisdictionem.
508 2467 597 2526 Unde
620 2484 691 2527 saec.
720 2469 788 2528 1111ο
808 2467 985 2544 legatorum
1005 2469 1152 2527 natorum

219 2555 354 2635 dignitas
369 2556 476 2618 titulus
487 2557 571 2618 facta
583 2563 630 2619 est
642 2559 707 2620 sine
722 2578 771 2636 re,
790 2563 821 2620 et
831 2559 875 2618 illi
887 2559 1039 2619 successit
1054 2559 1153 2637 digni-

218 2653 266 2710 tas
281 2651 453 2729 personalis
466 2651 642 2730 legatorum
656 2653 833 2712 missorum.

259 2746 357 2805 Porro
370 2745 402 2804 in
422 2745 482 2806 hoo
496 2762 601 2804 rerum
617 2748 710 2821 statu,
729 2746 853 2824 quando
866 2744 1049 2824 hujusmodi
1066 2761 1150 2826 novae

218 2835 390 2912 legationes
400 2839 468 2897 fieri
486 2841 659 2915 coeperunt,
672 2837 773 2898 visum
787 2839 927 2916 estquod
943 2839 974 2899 S,
987 2840 1024 2899 ll.
1037 2841 1075 2899 R.
1089 2856 1151 2898 ear·

219 2926 338 2986 dinales
354 2928 520 3008 (siquidem
534 2930 594 2990 illis
609 2931 669 2991 hoc
679 2931 933 2992 committebatur
946 2931 1075 3010 munus)
1089 2947 1151 2990 ma·

215 3020 277 3100 jori
293 3019 380 3099 digni
396 3027 499 3084 essent
513 3023 631 3085 honore
640 3023 873 3102 majoribusque
884 3024 1152 3102 locupletarentur

219 3112 429 3191 facultatibus,
447 3115 562 3194 quippe
578 3134 675 3195 quum
689 3115 732 3175 illi
747 3133 845 3174 unum
860 3133 973 3193 corpus
984 3116 1151 3176 conficiant

219 3225 292 3268 cum
317 3208 457 3268 Romano
482 3208 631 3268 Pontifioe
655 3209 700 3287 (ut
715 3208 848 3268 habetur
863 3227 927 3287 cop.
949 3212 980 3268 1ο
1003 3208 1038 3268 de
1061 3207 1153 3287 officio

219 3300 311 3381 lepotr‘
328 3299 359 3360 in
380 3299 454 3380 Vn),
470 3300 527 3360 visi
548 3304 619 3362 sunt
634 3300 804 3379 proximius
826 3319 863 3361 ac
882 3301 1019 3378 pressius
1038 3318 1154 3378 reprae-

219 3392 336 3454 sentari
359 3411 449 3472 posse
475 3409 643 3470 personam
671 3393 839 3454 Pontifieis.
860 3395 1036 3472 ldapropter
1056 3396 1092 3453 ut
1114 3393 1153 3452 ab

220 3484 289 3543 aliis
311 3485 595 3564 distinguerentur,
617 3485 692 3546 dicti
712 3490 784 3546 sunt
803 3485 895 3564 lopati
913 3505 932 3544 o
947 3486 1037 3546 latere
1051 3483 1151 3564 (quasi

222 3572 261 3628 de
284 3574 381 3632 latere
403 3575 561 3636 Pontificis
583 3575 680 3653 missi)
699 3579 730 3636 et
748 3576 920 3654 majoribus
947 3576 1152 3654 praecaeteris
