2542 4122
385 361 423 404 nu
445 360 573 405 caruero
594 361 677 404 runis
700 360 854 406 canonici.
1030 349 1085 408 let

154 504 263 564 ficiens
278 506 415 581 potestas
427 522 505 564 mccc
519 502 671 579 directccc,
688 503 720 563 id
735 508 782 564 est
793 509 930 581 potestas
943 505 1087 585 quaedam

154 595 338 674 magisterii,
366 615 435 675 quae
452 597 557 656 media
581 597 708 672 indicet,
732 598 924 677 modumque
944 617 981 658 ea
998 599 1088 658 adhi-

154 689 249 748 bendi
265 693 498 766 commonstret,
517 689 572 749 sed
588 690 765 750 necessaria
790 695 836 751 est
855 695 994 769 potestas
1014 711 1087 752 vere

154 781 294 857 coactura,
317 799 386 860 quae
407 785 617 858 contumaces,
637 783 666 842 vi
687 787 815 843 externa
834 784 986 861 adhibita,
1002 803 1089 844 coer-

155 879 235 950 ceat,
263 874 329 934 sive
350 874 393 933 illi
416 879 550 935 renuant
572 875 730 953 applicare
746 877 860 953 media,
880 895 949 956 quae
962 896 1019 956 per
1033 897 1089 956 po-

154 970 301 1028 testatem
314 967 477 1045 legiferam
488 968 647 1045 proposita
662 973 744 1043 sunt,
759 969 824 1029 sive
840 970 939 1030 nolint
955 971 1089 1031 decretis

154 1059 318 1139 potestatis
328 1059 340 1138 j
346 1060 503 1119 udiciarice
520 1061 630 1120 eadem
645 1061 703 1121 rite
719 1062 869 1139 applicari
881 1062 1021 1141 jubentis
1035 1082 1089 1141 pa-

155 1172 236 1228 rere,
261 1152 326 1212 sive
353 1152 487 1231 denique
517 1153 674 1214 societatis
697 1155 803 1230 finem,
831 1159 886 1215 aut
912 1156 1089 1216 mediorum

157 1245 366 1306 oeconomiam
377 1246 480 1323 quoad
492 1245 569 1306 alios
581 1246 770 1324 impediant:
783 1247 937 1327 siquidem
945 1249 1089 1310 homines

156 1357 219 1398 non
232 1337 410 1416 ignorantia
425 1341 559 1414 tantum,
573 1357 683 1398 verum
698 1339 794 1399 etiam
808 1341 926 1401 malitia
940 1345 1053 1402 etccut
1075 1377 1090 1386 -

156 1431 259 1490 macia
272 1430 454 1490 societatem
465 1430 593 1491 turbare
608 1432 722 1504 solent;
740 1451 842 1511 neque
858 1434 951 1493 etiam
963 1435 1085 1510 desunt,

157 1524 210 1602 qui
224 1523 375 1583 naturalis
385 1523 451 1583 vitii
467 1524 650 1584 necessitate
661 1525 692 1584 id
703 1525 836 1598 faciunt3
850 1527 970 1587 malitia
983 1532 1088 1589 autem

156 1621 187 1677 ct
209 1616 417 1691 contumacia,
441 1617 602 1695 multoque
625 1618 725 1695 magis
746 1618 896 1679 naturalis
920 1621 1089 1682 necessitas

157 1709 278 1770 nonnisi
289 1709 319 1769 vi
335 1713 464 1795 externa
479 1709 621 1787 opposita
632 1710 770 1770 cohiberi
782 1715 894 1788 potest.
908 1713 991 1790 Ergo
1006 1731 1089 1774 oom-

157 1802 235 1880 petit
248 1801 387 1862 societati
402 1802 547 1879 perfectae
563 1806 700 1880 potestas
715 1804 866 1865 coactiva.

196 1919 209 1951 n
235 1895 263 1974 a)
288 1893 430 1976 Confido.
454 1894 599 1956 Societati
623 1897 768 1972 perfectae
786 1899 936 1975 competit
951 1901 1090 1975 potestas

157 1988 286 2067 legifera
315 1992 345 2048 et
368 1987 546 2067 judiciaria.
564 1988 658 2065 Atqui
679 1992 811 2066 utraque
833 1994 970 2065 potestas
995 1990 1091 2068 exigit

157 2084 346 2160 potestatem
370 2080 561 2151 coactivam;
599 2099 689 2140 secus
716 2080 799 2140 enim
825 2081 906 2141 foret
931 2081 1087 2141 inefficax.

157 2177 251 2253 Erga,
269 2177 328 2234 etc.
345 2175 368 2234 ¹.

198 2291 211 2322 n
238 2267 316 2327 Hinc
329 2266 490 2346 potestatis
501 2266 650 2326 coactivas
664 2265 787 2326 theoria
796 2265 888 2325 facile
903 2265 1087 2343 explicatur.

158 2363 197 2420 Et
216 2359 459 2438 primoquidem
475 2359 616 2419 naturale
639 2359 878 2418 fundamentum
898 2359 1091 2438 dignoscitur

158 2453 320 2529 potestatis
335 2451 495 2527 coactivas,
513 2452 596 2530 quod
608 2456 655 2512 est
669 2451 839 2512 necessitas
851 2453 957 2513 tutelae
973 2452 1091 2513 ordinis

158 2545 291 2622 socialis,
307 2563 346 2605 ne
358 2544 428 2604 finis
441 2544 594 2604 assecutio
607 2544 810 2623 impediatur;
827 2545 1089 2624 quandoquidem

159 2639 227 2698 haec
241 2642 288 2698 est
301 2637 394 2698 unica
408 2636 486 2696 ratio
500 2637 657 2697 sufficiens
672 2637 825 2717 ejusmodi
840 2637 1013 2714 potestatis.
1032 2659 1046 2692 u

198 2733 272 2790 Haec
296 2731 335 2791 de
359 2747 505 2807 suprema
528 2733 681 2808 potestate
702 2729 911 2790 ecclesiastica
923 2729 1088 2806 sufficiant,

159 2842 231 2883 cum
253 2824 291 2884 de
312 2821 529 2902 prerogativis
545 2823 664 2883 Summi
685 2821 843 2883 Pontificis
857 2821 983 2900 speciali
996 2823 1090 2884 modo

160 2917 317 2978 disserunt
339 2915 488 2994 theologi.

199 3013 250 3070 IX.
275 3009 320 3070 lte
338 3015 480 3089 potestate
494 3008 652 3089 episcopali
671 3009 833 3089 speciatim.
858 3007 1003 3088 Episcopi
1017 3009 1091 3069 olim

160 3103 357 3182 eligebantur
376 3120 396 3160 a
421 3103 488 3161 tcto
504 3102 599 3178 clero,
618 3101 787 3162 accedente
802 3119 955 3162 consensu
970 3101 1087 3180 populi.

192 3354 197 3380 ¹
215 3352 253 3400 De
265 3354 396 3414 potestate
410 3353 528 3402 coactiva
539 3351 663 3401 Ecclesiae
676 3350 780 3399 consuli
796 3353 884 3413 potest
900 3345 1018 3400 Zacart'a
1030 3343 1090 3398 tto-

159 3427 221 3477 rcrt.
231 3427 365 3493 trascripta
378 3447 391 3472 «
409 3425 542 3480 domandi
555 3425 598 3478 chi
614 3440 679 3492 pcc,
696 3428 745 3476 etc.
761 3445 774 3468 »
789 3424 870 3476 Nion.
883 3421 946 3472 XXII
962 3433 1044 3484 *risque
1055 3418 1091 3469 ad

158 3501 256 3641 ppprnp
274 3504 298 3633 {t
305 3501 428 3628 1fp'attcltt
445 3500 519 3552 [tello
538 3501 652 3553 celerior
668 3499 770 3565 pottzto
788 3497 859 3549 della
876 3494 978 3549 Ohiesc.
995 3491 1050 3544 Lib.
1060 3494 1090 3558 1.,

211 3613 217 3625 .
256 3615 263 3639 ‚
340 3617 345 3628 .
