2542 4122
367 354 407 402 ns
427 352 556 402 cunero
575 352 658 402 runs
681 351 837 404 canonici.
1010 339 1069 404 ιιι

142 499 368 584 praerogativis,
385 502 418 562 et
430 497 629 562 constituitur
637 498 676 560 ed
690 497 790 562 instar
802 498 1071 580 alierumcongre·

144 597 319 678 gationum,
333 597 392 656 etc.
553 644 557 653 ,

183 689 292 752 XXVI.
307 689 356 748 tr
368 684 576 764 congregatio
592 683 810 764 refonnaticnn
824 685 1006 766 regularium
1032 686 1071 748 ub

44 787 48 792 '
145 780 327 844 Innocentio
350 781 377 840 X
403 777 555 840 instituta.
578 779 657 839 (ium
675 795 775 856 parva
800 779 991 840 monasterie
1018 797 1075 840 seu

143 873 232 955 parui
242 874 424 947 conventus,
441 871 473 930 in
489 870 602 950 quibua
612 870 703 949 pauci
719 871 838 950 degunt
845 870 994 950 religiosi,
1011 870 1073 933 sint

143 965 298 1046 pernicies
312 963 384 1025 vitae
412 962 576 1042 regularis,
594 969 629 1024 ut
643 963 834 1042 experientia
863 964 971 1042 docet,
995 963 1074 1042 opti·

144 1077 231 1120 mum
246 1057 335 1118 duxit
348 1055 449 1117 dictus
464 1055 607 1117 Pontifex
616 1056 786 1136 quemdem
796 1055 958 1118 instituere
973 1057 1073 1118 cerdi-

145 1151 263 1214 nalium
303 1147 578 1228 congregationem
610 1152 645 1210 ut
684 1148 860 1211 instituerat
891 1149 1073 1228 diligentem

145 1241 378 1323 inquisitionem
408 1240 492 1302 circa
524 1240 643 1302 reditus
675 1241 869 1321 singularum
907 1241 1073 1304 domorum

145 1336 374 1414 religiosarum,
387 1336 418 1394 et
432 1350 582 1410 personas
597 1351 666 1413 quae
681 1334 713 1393 in
728 1333 773 1394 eis
784 1335 913 1414 degunt.
924 1335 1005 1397 Inita
1018 1353 1075 1414 per

141 1429 229 1504 ,hono
257 1426 533 1506 congregationem
563 1426 703 1505 diligenti
725 1427 876 1488 reletIoue
899 1445 994 1506 super
1012 1427 1071 1504 his,

144 1521 261 1602 prodiit
274 1518 508 1580 InnocentiusX
522 1518 774 1580 constitutionem
790 1517 828 1581 Ut
843 1519 874 1580 in
883 1520 998 1600 perosi,
1011 1538 1074 1600 que

145 1630 322 1692 suppressa·
346 1613 419 1672 suut
451 1611 555 1671 omnia
580 1611 770 1678 monasteria
794 1629 864 1690 quae
887 1612 997 1674 saitem
1020 1631 1074 1674 sex

144 1705 307 1785 religiosos
333 1706 507 1764 sustentare
531 1722 594 1764 non
617 1703 1075 1782 valerent,etp1uradecrets

145 1801 220 1860 suut
234 1797 319 1858 circa
340 1813 506 1856 numerum
521 1799 552 1856 et
566 1796 732 1874 qualitates
746 1797 937 1858 necessarias
950 1797 1076 1876 refigio-

145 1908 253 1952 sorum
275 1889 382 1969 quiin
398 1888 504 1967 parvis
518 1888 723 1950 conventibus
739 1905 794 1949 seu
808 1889 1004 1952 monasteriis
1019 1890 1076 1952 he-

143 1983 255 2058 bitant‚
272 1981 312 2042 ad
326 1981 386 2042 hoo
398 1979 603 2060 utprivilegio
615 1980 819 2059 exemptionis
834 1981 875 2042 ab
890 1981 1076 2044 auctoritate

147 2073 297 2138 ordinarii
324 2073 495 2135 dioecesani
517 2072 655 2151 gaudere
677 2075 816 2151 possent.
839 2071 1012 2134 Videbatur
1032 2073 1077 2134 sic

145 2184 285 2230 cessasse
300 2165 391 2227 dietae
414 2164 673 2243 congregationis,
686 2182 775 2242 opus.
791 2165 908 2226 Verum
922 2181 995 2224 cum
1023 2163 1076 2226 ali-

145 2257 274 2341 quando
291 2257 451 2337 contingat
474 2261 509 2318 ut
530 2275 699 2336 suppressa
712 2256 904 2318 monasterie
924 2257 964 2318 oh
979 2274 1076 2336 popu-

143 2353 249 2414 lorum
263 2354 372 2413 votum
385 2349 554 2411 restaurari
564 2349 700 2410 debeant
713 2349 761 2410 vel
777 2349 940 2410 exstentis
951 2367 1077 2412 mones-

144 2445 227 2506 terie
243 2444 283 2505 ob
308 2442 508 2504 incommoda
531 2442 724 2520 emergentia
749 2442 913 2522 supprimi,
934 2443 1079 2513 indeest

145 2537 232 2618 quod
256 2536 325 2598 haec
349 2535 551 2614 congregatio
573 2534 605 2594 in
620 2551 676 2596 suo
692 2534 794 2596 officio
814 2537 997 2614 permansit,
1014 2540 1074 2599 etc.

146 2629 196 2690 Ab
211 2627 392 2690 Innocentio
407 2644 483 2688 vcro
498 2628 553 2688 XII
567 2626 599 2686 in
614 2643 728 2688 novam
743 2627 876 2688 formam
890 2629 1019 2690 redacta
1031 2634 1078 2689 eet

146 2721 206 2784 sub
220 2720 310 2782 titulo
326 2718 490 2800 disceptione
504 2719 660 2799 regularis,
673 2721 708 2780 ut
721 2718 812 2779 inira.

188 2816 240 2876 13⁰
260 2811 469 2891 congregatio
484 2809 732 2889 indnlpcntnrcm
741 2819 927 2873 eteocrcrcm
941 2813 1079 2896 reliquio-

146 2925 226 2982 rum,
243 2925 262 2966 a
282 2906 441 2968 Clemente
461 2906 502 2966 IX
525 2903 677 2981 institute,
691 2904 803 2984 cuique
831 2908 879 2967 est
901 2908 1078 2987 expendere

145 2999 358 3078 indulgentias
388 2989 438 3058 vel
473 3015 579 3058 sacres
616 2997 784 3077 reliquias,
816 3015 888 3060 cum
918 3005 1079 3064 removeat

147 3091 265 3154 abusus
280 3090 334 3170 qui
344 3090 393 3151 his
405 3089 438 3150 in
452 3090 546 3150 rebus
560 3090 685 3150 evenIre
695 3095 835 3168 possunt.

188 3183 396 3264 Congregetio
418 3180 581 3263 discipline
594 3183 750 3262 repuleras,
767 3185 807 3246 ab
821 3185 1001 3246 Innocentio
1022 3187 1078 3246 XII

147 3277 300 3354 institute,
317 3279 353 3337 ut
364 3275 544 3356 provideret
556 3275 768 3338 custodiendae
778 3277 970 3356 regularium
985 3275 1079 3341 disci·

147 3370 253 3450 plinae,
265 3369 367 3449 quein
376 3387 411 3429 re
426 3367 601 3430 subsidium
611 3371 740 3447 praestat
750 3367 987 3448 congregationi
997 3357 1079 3447 epis·

111 3483 115 3487 ·
150 3481 302 3542 coporum
315 3465 347 3524 et
360 3461 563 3540 regularium.

177 3552 1076 3636 14⁰GorrgregatiostudiorcmaLeoneXIlinetituta‚coust.
1097 3581 1102 3585 ·
