2518 4144
229 307 269 366 52
431 319 667 366 *rrsrrrurrouas
687 320 769 365 rums
791 318 946 365 circulor.

229 462 462 540 benefaciendi,
478 463 519 524 ἃᾶ
540 463 637 540 illam,
654 464 703 524 cui
725 482 874 524 concessa
894 465 976 539 suut,
993 480 1169 540 personam

230 551 449 636 restringenda
463 561 639 618 censentur.
657 558 810 618 Defuncto
826 555 980 635 siquidem
998 555 1074 632 ista,
1096 561 1169 618 tan-

229 667 325 729 quam
341 669 437 710 causa
449 654 601 727 cessante,
619 655 721 712 cessat
733 655 764 712 et
777 649 976 712 beneficium.

267 747 298 804 2⁰
319 745 418 806 Morte
437 744 609 822 executoris,
629 745 754 824 quando
784 743 903 804 scilieet
926 742 1068 804 executio
1099 763 1168 805 res·

227 837 317 916 cripti
346 837 513 924 commissa
545 842 591 899 est
621 839 798 914 industriae,
830 828 992 900 idoneitati
1025 835 1167 918 alicujus

226 949 385 1009 personae3
405 950 467 1011 qua
479 931 627 993 defuncta
642 935 744 992 cessat
759 933 886 992 effectus
897 929 1050 1008 rescripti,
1062 931 1165 992 modo

225 1028 331 1085 temen
359 1025 567 1086 consideratio
595 1025 685 1086 dietae
708 1043 850 1104 personae
867 1042 962 1084 causa
983 1022 1078 1084 fuerit
1106 1042 1167 1086 cur

225 1117 411 1196 rescriptum
425 1137 608 1180 concessum
624 1119 672 1180 sit.

264 1212 295 1270 3⁰
316 1211 415 1285 Morte
430 1211 625 1290 rescribentis,
638 1230 736 1292 quum
749 1230 862 1290 nempe
881 1229 930 1271 res
955 1210 995 1271 sit
1020 1209 1161 1290 integra,

223 1303 243 1366 i⁴
256 1323 283 1364 e.
297 1303 398 1383 gratia
410 1305 550 1365 nondum
560 1307 642 1368 faeta
652 1305 756 1382 fuerit,
767 1306 823 1366 sed
835 1305 868 1364 in
883 1304 1010 1366 alterius
1025 1303 1163 1365 arbitrio

224 1397 408 1474 commissa,
434 1399 484 1458 vel
512 1399 686 1479 judicium,
716 1399 752 1460 si·
776 1399 815 1460 de
842 1397 1001 1476 rescriptis
1025 1396 1164 1477 justitiae

225 1493 356 1569 agatur,
382 1491 522 1551 nondum
548 1492 706 1554 initiatum
738 1491 841 1553 fuerit.
867 1491 975 1568 Unde,
993 1508 1032 1550 ne
1053 1493 1162 1551 morte

222 1583 379 1645 Pontificis
391 1585 481 1662 plura
493 1585 645 1664 rescripta
659 1586 781 1646 inutilia
796 1586 941 1661 evadent,
958 1601 1058 1644 novus
1072 1584 1164 1644 Pon-

222 1675 297 1737 tifex
306 1678 482 1738 revalidare
494 1679 573 1739 solet
584 1679 689 1739 omnia
696 1678 848 1756 rescripta
863 1695 932 1757 quae
944 1677 1026 1737 infra
1036 1694 1163 1738 annum

225 1787 244 1828 a
258 1768 308 1829 die
323 1770 424 1830 obitus
441 1789 459 1830 a
473 1789 529 1831 suo
543 1771 852 1850 predecessore-lata
866 1769 990 1831 tuerint.

249 1919 295 1972 Sil.
306 1931 337 1961 n!
350 1931 510 1962 DEGb'IOMBUS
523 1931 689 1964 sardinorum
703 1933 875 1964 unisonarum
891 1932 1131 1965 EGCLEMMIGORUH.

263 2046 286 2105 Ι.
311 2046 345 2105 In
357 2045 495 2125 qualibet
503 2046 647 2108 ordinata
656 2047 828 2125 republica,
839 2047 930 2125 plura
938 2047 1012 2107 licet
1021 2046 1158 2124 reperiri

222 2137 391 2200 tribunalia
412 2159 467 2218 pro
492 2158 709 2220 personarum,
726 2141 879 2217 locorum,
900 2159 955 2200 seu
983 2157 1157 2201 causarum

220 2232 382 2310 varietate,
400 2252 534 2312 quorum
550 2233 611 2293 alia
625 2233 693 2294 aliis
716 2236 789 2294 sunt
800 2233 913 2294 altiora
927 2235 958 2294 et
973 2232 1153 2310 superiora,

219 2324 262 2384 ita
287 2328 322 2384 ut
350 2326 390 2384 ab
414 2326 483 2386 unis
506 2327 629 2387 adalia
651 2327 742 2388 detur
768 2326 947 2405 appellatiO,
976 2326 1077 2386 donec
1112 2328 1154 2388 ad

218 2435 400 2494 supremum
424 2419 564 2479 omnium
588 2420 772 2481 deveniatur
796 2419 879 2499 quod
900 2419 1050 2498 principis
1076 2437 1153 2497 per-

217 2527 327 2569 sonam
339 2509 429 2589 gerit.

256 2603 346 2675 Quod
370 2604 402 2664 in
426 2604 494 2665 aliis
514 2605 607 2666 rebus
619 2607 751 2685 publicis
765 2609 918 2683 servatur,
936 2609 968 2668 et
988 2606 1150 2668 inordina

215 2694 425 2758 ecclesiastico
443 2699 548 2758 locum
563 2699 692 2761 obtinet.
706 2701 836 2761 Diversa
850 2700 934 2760 enim
948 2699 980 2760 in
996 2700 1151 2761 Ecclesia

214 2789 416 2851 inveniuntur
448 2793 617 2854 constituta
638 2793 823 2870 tribunalia,
853 2797 1004 2874 tanquam
1029 2793 1148 2854 diversi

213 2882 429 2944 ecclesiasticae
460 2885 621 2963 potestatis
656 2887 791 2965 gradus,
825 2885 995 2948 tribunalia
1027 2887 1149 2949 seilicet

212 2974 408 3053 dioecesana,
430 2977 644 3056 provincialia,
667 2979 847 3062 nationalia,
865 2980 965 3040 donee
980 2979 1021 3040 ad
1041 2981 1146 3060 ipsum

211 3067 395 3130 deveniatur
409 3071 574 3132 Summum
588 3073 782 3154 Pontificem.

250 3161 312 3222 Sed
325 3167 501 3242 nonposset
514 3167 672 3226 Romanus
684 3167 836 3244 Pontifex,
845 3166 1030 3228 universalis
1047 3170 1145 3230 eccle-

208 3254 261 3344 sia
295 3256 535 3318 sollicitudinem
566 3277 697 3338 gerens,
733 3259 923 3340 infinitisque
963 3259 1145 3339 implicatus

207 3347 351 3429 negotiis,
366 3369 424 3428 per
437 3369 471 3410 se
492 3369 681 3432 cognoscere
711 3372 820 3414 causas
832 3429 834 3434 Ι
846 3372 953 3414 omnes
976 3372 1047 3434 quae
1077 3355 1144 3416 sive

206 3441 238 3502 in
257 3442 359 3521 primo
375 3443 441 3504 sive
459 3443 490 3503 in
505 3445 644 3507 ulteriori
666 3447 852 3526 cognitionis
874 3447 976 3528 gradu
990 3448 1032 3510 ad
1049 3467 1144 3510 suum

206 3538 425 3618 proponuntur
436 3537 583 3600 tribunal.
593 3540 800 3618 Quapropter,
809 3541 975 3604 reservatis
986 3541 1047 3602 sibi
1058 3542 1142 3620 priu-
