2540 4132
336 339 441 389 noema
465 337 618 385 sinemus
638 335 722 382 runis
744 335 899 384 nonomen
1042 323 1082 386 w

144 491 319 574 paraturis,
342 489 374 548 in
398 485 473 546 sede
497 481 835 560 constantinopolitana
859 481 996 544 intrusus
1021 487 1078 546 est.

143 587 186 648 nt
213 585 285 645 licet
301 577 346 642 'ab
370 597 408 640 ea
435 576 554 638 Nicolai
579 578 602 636 li
636 574 769 636 Romani
795 573 953 636 Pontificio
985 593 1082 656 opem

143 679 241 741 fuerit
257 675 429 754 depositae,
445 665 552 732 temen
572 669 684 730 iterum
706 685 777 728 eam
795 666 895 728 voluit
908 685 1080 747 occupare,

143 777 178 834 et
201 771 246 832 sio
272 768 436 847 antiquum
456 763 593 826 schisma
612 760 758 823 aeclesia
780 777 894 839 graecoe
913 760 973 822 luit
990 761 1082 823 absa·

142 867 260 927 lutum.

184 957 245 1018 Hie
263 955 356 1016 etiam
376 955 407 1012 et
421 969 511 1011 suam
530 949 604 1010 iecit
621 946 849 1023 collectionem,
864 945 895 1006 in
911 945 1082 1026 quostiam

143 1049 305 1114 recensuit
330 1047 399 1126 plus
423 1043 566 1104 minusve
587 1041 777 1102 documenta
794 1039 959 1113 Trullana3
987 1039 1084 1102 habel

143 1145 243 1207 etiam
258 1157 394 1202 canones
408 1139 488 1198 latos
500 1155 520 1196 a
538 1133 781 1214 pseudosynodo
806 1133 1082 1212 constantinopoli·

142 1243 221 1300 tana
234 1238 345 1296 contra
361 1230 533 1311 Ignatium3
551 1231 582 1288 et
600 1227 641 1287 ed
659 1225 865 1288 imitationem
893 1243 1082 1288 nomocano·

143 1349 234 1410 num,
259 1346 315 1388 seu
332 1325 373 1386 ad
397 1322 574 1400 exemplum
595 1319 726 1382 loannis
745 1317 951 1396 Antiochcni,
966 1323 1082 1399 prater

142 1423 350 1486 monumenta
371 1413 600 1491 ecclesiastica,
615 1411 734 1490 recepit
750 1411 845 1474 etiam
864 1411 950 1492 leges
965 1411 1080 1474 aeivili

144 1518 302 1598 potestate
316 1513 408 1572 lates.

297 1664 347 1719 sn.
361 1673 393 1706 nn
406 1669 590 1706 nomannorum
604 1667 746 1702 enacarat
761 1666 934 1700 numanam.

185 1794 254 1859 VII.
277 1789 365 1854 Licet
378 1786 516 1849 maxima
529 1783 624 1845 fuerit
641 1781 808 1858 sedulitas,
825 1780 981 1842 maximus
994 1779 1081 1842 zelus

145 1894 291 1952 veterum
312 1882 485 1944 antistitum
504 1893 680 1958 peccorum
701 1875 733 1934 iu
751 1873 936 1953 colligendis
953 1872 1081 1934 canoni-

146 1985 208 2044 bus
224 1973 458 2050 ecclesiasticis,
478 1971 696 2046 maximusque
708 1967 822 2029 horum
834 1967 979 2028 codicum
994 1984 1081 2042 usus,

146 2073 241 2138 fateri
255 2075 361 2132 tamen
377 2067 539 2140 debanna,
555 2060 709 2122 antistites
725 2059 819 2136 graeci
826 2058 894 2138 jam
907 2061 982 2118 tuno
994 2077 1014 2118 a
1028 2073 1084 2118 η.

148 2167 222 2232 culo
233 2167 259 2228 V
270 2164 303 2224 in
316 2161 453 2222 schisma
464 2155 619 2236 proclives
629 2170 663 2212 se
676 2151 851 2230 praebuere,
863 2153 899 2210 ut
909 2149 1084 2210 factumest

148 2261 210 2324 sub
227 2255 390 2330 Anatolio,
410 2251 557 2330 episcopo
577 2242 934 2320 constantinopolitano,
956 2240 1083 2320 quando

148 2369 305 2432 usurpare
324 2347 420 2426 coepit
433 2343 604 2424 primatum
618 2339 650 2398 in
664 2336 822 2410 Ecclesia3
836 2335 973 2398 vidimus
987 2351 1082 2412 syno-
1134 2397 1137 2404 ,

118 2459 119 2464 ’
147 2451 226 2510 dum
240 2443 421 2506 Trullanam
434 2435 571 2498 schisma
586 2431 711 2508 fovisse,
729 2429 814 2510 quod
832 2429 960 2490 demum
977 2427 1009 2488 in
1030 2445 1080 2505 sy-

149 2541 234 2604 nodo
249 2535 403 2599 Photiana
417 2529 606 2624 completum
621 2528 668 2586 est
681 2527 713 2585 et
724 2524 912 2586 absolutum.

192 2637 326 2696 Gravem
340 2626 436 2707 igitur
450 2618 657 2700 corruptionis
671 2617 879 2696 suspicionem
893 2613 1017 2676 codices
1026 2629 1080 2674 ca·

148 2743 269 2791 nonum
283 2723 315 2784 in
330 2721 415 2782 hisce
428 2714 608 2796 regionibus
625 2711 768 2787 confecti,
785 2709 938 2788 praehcnt.
955 2706 1078 2769 Etenim

144 2825 214 2905 jam
234 2820 274 2880 ah
296 2809 517 2877 actioneXVll
534 2805 655 2867 concilii
671 2800 933 2866 Chalcedonensis
950 2801 1079 2863 notabat

147 2917 274 2994 legatus
288 2905 420 2970 Romani
434 2899 591 2963 Pontificio
612 2915 708 2976 penes
725 2898 904 2958 Graecorum
922 2893 1078 2973 exempla-

146 3008 206 3084 ria,
218 3001 442 3082 interpolatum
452 2993 574 3076 jamdiu
588 2991 683 3052 fuisse
699 3007 851 3051 canonem
865 2990 942 3051 Vlum
955 2986 1076 3048 concilii

147 3096 319 3173 Nicaeni,in
335 3111 397 3173 quo
413 3084 725 3171 jurapatriarchatus
736 3081 975 3143 definiebantur.
988 3078 1077 3152 Quod

146 3194 172 3256 si
187 3207 264 3253 vero
279 3187 352 3248 huie
366 3181 479 3245 rationi
496 3183 527 3240 et
541 3179 635 3239 aliam
648 3175 832 3256 adjiciamus
846 3174 1015 3254 specialem
1025 3172 1078 3232 de·

148 3287 308 3364 sumptam
316 3299 354 3340 ex
362 3277 466 3338 animo
481 3272 640 3336 variorum
657 3269 870 3345 collectorum,
882 3265 1076 3328 inveniemus

146 3376 382 3441 Theodoretum
403 3372 628 3448 cyrenensem,
647 3363 802 3422 fautorem
819 3359 947 3421 haeresis
967 3358 1077 3415 Nesto-

146 3473 256 3546 rianae,
275 3469 430 3528 loannem
444 3458 675 3522 Antiochenam
691 3453 888 3528 etPhotium,
907 3453 1075 3526 utrumque

147 3565 327 3633 invasorem
339 3557 422 3620 sedis
436 3547 796 3627 Constantinopolitanae,
810 3545 863 3624 qui
879 3541 972 3604 ambo
988 3539 1075 3628 legas
