2502 4130
327 351 331 360 ·
357 353 407 404 aa
427 354 557 404 omacro
577 351 666 404 sorus
680 354 836 404 arnamar.
1009 341 1068 410 {dt

141 499 345 562 contraxisset
366 499 407 561 ab
426 501 536 562 ordine
565 519 655 564 sacro
680 501 912 580 deponebatur,
937 501 1007 564 sed·
1027 501 1069 564 ab

139 611 237 655 uxore
250 595 381 672 accepta
394 611 457 654 non
471 593 690 672 dividebatur,
711 593 845 674 ideoque
859 593 1069 656 sustinebatur

138 689 290 767 tanquam
300 685 440 747 validum
451 686 562 748 initum
574 686 819 750 matrimonium.
832 688 874 748 At
884 703 956 748 saec.
969 687 1036 763 XII,
1050 704 1070 747 a

139 777 271 840 concilio
285 779 488 840 Lateranensi
507 779 620 858 primo,
637 780 727 861 cujus
746 779 874 842 decreta
891 779 1071 841 referuntur

139 870 319 932 aGratiano
337 870 424 948 (Gan.
447 887 515 948 uru,
541 872 612 934 dist.
629 872 692 952 27),
713 872 791 934 ordo
809 889 900 934 sacer
917 875 1070 952 anquam

137 963 399 1042 impedimentum
412 963 562 1026 dirimens
576 965 720 1027 habitum
732 971 789 1042 est,
806 967 867 1027 etc.

179 1055 239 1118 Sed
252 1055 337 1134 apud
350 1055 524 1118 orientales
538 1057 711 1119 hodiedum
725 1057 897 1137 ambigitur
909 1073 950 1118 an
959 1055 1070 1120 istboec

137 1147 308 1228 prohibitio
327 1147 457 1209 ineundi
474 1150 712 1212 matrimonium
725 1149 874 1229 importet
883 1148 1071 1228 ,simpliciter

137 1244 228 1303 actus
252 1239 470 1302 illicitndinem
490 1242 648 1304 velctiam
668 1243 854 1304 nullitatem.
876 1241 963 1303 Licet
985 1239 1070 1302 enim

136 1332 286 1412 generale
309 1333 457 1412 adagium
476 1333 516 1396 sit
532 1334 618 1414 quod
638 1335 670 1396 id
683 1334 768 1416 quod
779 1337 889 1396 contra
902 1334 1006 1413 legem
1020 1334 1067 1410 flt,

137 1425 263 1487 irritum
273 1424 313 1486 sit
322 1426 587 1504 praesumendum,
602 1430 708 1488 tamen
718 1425 899 1489 favorabilis
914 1432 961 1488 est
975 1443 1071 1488 causa

135 1517 330 1596 nuptiarum,
346 1517 426 1579 adeo
440 1517 516 1579 utin
528 1537 567 1580 aa
581 1520 641 1582 boc
653 1538 716 1582 non
729 1524 855 1582 utamus
864 1519 1071 1600 principio,et

135 1611 190 1670 lex
197 1608 323 1671 irritans
333 1627 396 1670 non
413 1615 572 1688 censetur,
592 1612 651 1674 nisi
669 1612 797 1674 irritans
815 1615 901 1674 certo
922 1613 1071 1673 demons-

135 1704 249 1764 tretur.
265 1703 304 1763 ut
318 1701 446 1782 quidem
460 1703 602 1782 pluribus
615 1705 732 1783 placuit
743 1703 899 1766 sententia
908 1703 1071 1784 (benedic-

132 1797 280 1872 tuleV,
295 1802 394 1856 const.
415 1795 464 1856 Eo
482 1795 636 1877 quomod),
653 1815 723 1876 quae
735 1799 822 1860 tenet
832 1795 1070 1860 matrimonium

135 1889 333 1948 contractum
343 1891 414 1966 post
426 1888 552 1950 ordines
566 1905 683 1964 sacros,
695 1888 728 1948 in
741 1888 882 1950 Ecclesia
896 1905 1001 1968 groeca
1013 1887 1071 1950 illl-

135 1979 235 2042 citum
250 1979 388 2059 quidem,
403 1980 459 2041 sed
471 1980 611 2041 validum
625 1997 694 2040 esse
706 2023 714 2054 ,
728 1978 802 2041 licat
813 1979 915 2041 dictus
928 1978 1071 2042 Pontifex

133 2073 297 2134 insinuare
313 2073 459 2134 videatur
471 2072 663 2134 contrariam
675 2071 862 2134 sententiam
877 2073 983 2151 prouti
1001 2087 1072 2150 quaa
1175 2079 1180 2089 ·

134 2166 218 2244 stylo
233 2183 395 2226 sacrarum
410 2165 692 2246 congregationum
703 2163 743 2226 sit
756 2163 858 2243 magis
879 2161 1069 2239 conformia,

134 2258 301 2338 magisque
324 2258 431 2320 innixa
448 2255 590 2331 veritati3
617 2257 667 2319 cui
694 2257 789 2318 etiam
806 2255 969 2328 sententiae
988 2255 1074 2317 favet

134 2352 198 2412 hoc
213 2354 434 2430 argumentum
444 2351 601 2432 quodjam
613 2354 784 2430 atempore
793 2348 961 2414 Justiniani
974 2348 1073 2428 impe·

134 2437 251 2508 rororis
267 2444 351 2524 (nov.
380 2443 431 2522 25)
445 2443 525 2505 tales
548 2443 666 2523 nuptiae
681 2447 833 2524 tanquam
860 2441 989 2504 nefaria
1007 2443 1073 2503 tra·

136 2537 266 2612 dautur,
293 2539 325 2598 et
336 2536 392 2596 filii
412 2555 449 2596 ex
465 2535 526 2597 illis
545 2536 609 2598 nati
626 2536 780 2616 illegitimi
802 2536 968 2608 habentur,
978 2533 1074 2614 jacta

134 2649 171 2691 eo
182 2647 248 2710 quoa
258 2628 349 2689 sacris
360 2629 421 2690 viso
435 2635 502 2690 suat
516 2629 680 2691 caaoaidoa.
698 2628 788 2692 Unde
805 2626 933 2688 deducit
948 2625 1072 2706 jamdiu

136 2726 312 2801 atempore
330 2721 497 2784 iustiniani
522 2721 720 2800 imperatoris
743 2719 869 2799 nuptias
891 2717 1072 2800 hujusmodi

134 2817 290 2894 tanquam
304 2814 405 2876 nullas
416 2820 448 2876 et
461 2814 565 2875 irritas
580 2805 821 2876 habitastuisse.

178 2909 297 2971 Veram
311 2907 372 2968 hoc
389 2906 522 2968 dubium
536 2907 620 2987 quod
635 2907 746 2968 adessa
760 2907 864 2985 potest
875 2905 980 2988 quoad
993 2922 1073 2985 grte-

137 3019 191 3063 cos
205 3001 377 3078 ministros,
394 2993 457 3062 non
468 2999 554 3079 viget
564 3019 621 3078 pro
636 2998 858 3077 Italo-Gracia,
871 2999 924 3080 qui
937 2999 971 3060 in
985 2998 1072 3060 Gala-

136 3094 205 3154 bria
221 3097 253 3154 et
262 3093 294 3154 in
308 3094 413 3156 Sicilia
428 3095 674 3154 commorantur.
694 3093 772 3154 Gum
787 3091 871 3152 enim
891 3092 1002 3153 deceat
1019 3105 1072 3150 cos

139 3186 249 3266 quiin
274 3187 416 3265 partibus
437 3185 552 3248 nostris
573 3190 750 3262 versantur,
781 3183 951 3262 disciplinae
977 3179 1072 3241 otiam

137 3282 254 3342 nostrae
263 3279 365 3359 magis
377 3297 445 3340 ease
461 3279 647 3354 conformes,
660 3270 783 3338 uerita
798 3276 938 3354 ipsorum
958 3271 1072 3333 nostris

136 3373 323 3434 scandalum
333 3373 454 3451 pariat,
470 3371 568 3432 tradit
578 3369 767 3432 Benedictus
778 3369 864 3444 XIV,
886 3369 985 3426 const
1001 3363 1075 3425 Etsi

133 3464 305 3546 pastoralia,
319 3466 337 3544 ἓ
353 3469 383 3542 7,
410 3464 538 3544 quodsi
568 3463 637 3544 quis
661 3461 882 3534 subdiaconus
907 3457 1069 3533 diaconus,

136 3558 313 3638 presbyter,
341 3560 413 3638 post
440 3574 566 3619 sacrum
589 3553 732 3617 ordinem
755 3567 886 3614 uxorem
909 3548 1007 3626 duxit,
1032 3549 1073 3612 sit
