2540 4132
344 369 450 418 murm
473 373 625 419 srucnns
646 375 728 419 runis
751 373 904 422 saxonici.
1032 359 1085 422 lll

155 502 338 575 externata,
359 500 391 560 id
414 505 461 562 est
482 503 579 581 signis
598 508 652 565 aut
671 503 775 564 verbis
794 503 1001 565 manifestata.
1026 505 1087 568 Sed

153 593 269 669 verba,
287 593 389 670 prouti
410 594 515 673 signa,
533 600 605 657 sunt
624 596 877 681 conventionalia
890 615 927 656 ex
942 601 1087 659 contextu

153 685 330 763 loquentis,
352 690 382 746 et
398 706 436 746 ex
450 688 572 767 vulgari
592 708 650 749 usu
666 688 925 767 significationem
948 689 1085 768 capiunt.

154 777 287 838 Accedit
300 778 385 856 quod
398 779 422 838 si
435 779 595 857 legislator
607 782 647 841 ab
658 781 717 841 heo
731 799 841 840 norma
852 780 1085 859 praescinderet,

153 870 259 948 legem
274 871 424 932 conderet
442 871 717 952 inintelligibilem,
733 893 788 934 seu
805 873 880 934 satis
894 873 1087 936 voluntatem

153 979 246 1022 suam
267 980 329 1022 non
348 964 579 1041 manifestaret,
598 965 732 1045 ideoque
753 965 801 1025 lex
822 965 853 1025 in
873 983 930 1026 sua
948 965 1088 1043 promul-

153 1054 282 1132 gatione
298 1055 455 1117 deficeret.

196 1148 262 1207 Vll.
279 1148 325 1206 Ex
344 1147 404 1208 hoo
418 1149 613 1211 theoremate
636 1150 697 1211 tria
714 1155 886 1212 naseuntur
901 1149 1084 1211 corollaria:

197 1241 250 1298 l¹¹m
264 1240 376 1300 Goroll.
394 1241 477 1319 Ergo
492 1242 648 1321 generalis
661 1243 711 1303 vel
726 1243 888 1304 indefinita
900 1241 1086 1322 legislatoris

153 1331 271 1392 looutio
301 1333 468 1412 aequivalet
494 1335 720 1396 enumerationi
749 1335 889 1396 omniurn
918 1335 1087 1414 particula-

154 1425 237 1484 rium
252 1443 322 1504 quae
342 1426 400 1486 sub
417 1426 470 1486 illa
486 1429 625 1506 generali
644 1427 801 1490 locutione
823 1428 1082 1506 complectuntur.

154 1517 311 1577 Hioenim
326 1519 499 1580 eommunis
515 1521 627 1580 modus
641 1520 789 1600 loquendi
805 1525 862 1580 est.

194 1610 285 1671 Unde
306 1609 399 1670 datur
415 1611 545 1691 intelligi
569 1613 628 1673 hoo
650 1613 797 1674 axioma:
814 1612 867 1672 ubi
885 1613 933 1672 lea
953 1609 1084 1672 noo'dis-

155 1702 280 1782 tinguit,
296 1721 348 1762 nec
362 1723 412 1763 nos
430 1723 487 1764 ooo
505 1703 683 1785 dratiaquere
701 1704 844 1766 debemm.
862 1707 939 1766 ltem
955 1705 1022 1765 haeo
1036 1723 1084 1764 re·

153 1795 248 1874 gula:
263 1795 378 1876 quoodo
389 1796 695 1878 olt'quidprollbetur,
702 1797 899 1878 prohibentur
909 1797 1006 1858 omnio
1017 1813 1084 1877 quoe

153 1896 314 1968 sequuntur
327 1908 365 1949 ece
379 1889 438 1950 illo.

194 1985 249 2041 2⁰¹³
264 1982 377 2043 Goroll.
398 1983 527 2056 Quando
547 1984 645 2044 verba
667 1983 744 2062 legis
766 1983 885 2044 directo
905 1985 1084 2060 proponunt

154 2074 295 2152 aliquam
310 2076 534 2154 exceptionem,
552 2075 704 2136 indirecto
718 2077 845 2135 firmant
859 2075 1012 2152 regulam.
1027 2075 1082 2132 llx-

155 2166 258 2244 eeptio
274 2167 357 2227 enim
372 2169 490 2247 regulae
510 2168 642 2228 relativa
659 2172 706 2228 est
722 2185 853 2246 eamque
874 2165 1038 2242 supponit,
1055 2169 1086 2224 et

155 2259 282 2338 quando
301 2259 442 2322 homines
458 2261 595 2340 aliquam
613 2261 828 2339 exceptionem
842 2257 974 2334 faciunt,
992 2275 1085 2336 regu-

153 2351 218 2412 lam
240 2353 431 2433 oaeteroquin
454 2355 648 2415 confirmant.
671 2353 760 2415 Unde
785 2353 844 2412 hoo
864 2351 989 2412 axioma
1009 2370 1016 2411 :
1034 2369 1083 2410 ex·
1163 2373 1167 2384 ¹

153 2444 247 2524 ceptio
260 2445 363 2525 firmat
377 2446 507 2526 regulam
516 2465 575 2527 pro
589 2446 700 2507 casibus
712 2466 769 2506 non
783 2445 920 2526 exceptos.
1159 2429 1163 2500 ¹,

193 2539 248 2598 3nm
262 2539 376 2598 Coroll.
395 2540 501 2600 Verba
519 2538 706 2618 legislatoris
726 2557 788 2600 non
806 2542 878 2599 sunt
891 2541 956 2598 tam
971 2535 1084 2596 intelli-

153 2631 259 2708 genda
276 2632 448 2692 seeundum
466 2633 690 2711 proprietatem
709 2635 740 2692 et
756 2630 948 2710 elegantiam
962 2629 1084 2706 lingua-

152 2741 224 2782 rum
244 2743 339 2804 quam
361 2725 533 2784 secundum
556 2729 671 2786 statum
692 2724 807 2803 linguae
829 2722 910 2782 illius
934 2719 1083 2799 temporis

153 2835 215 2895 quo
242 2817 402 2896 legislator
429 2818 626 2898 loquebatur.
656 2821 797 2896 Namque
826 2815 895 2877 usui
925 2813 1082 2876 communi

151 2910 354 2988 praesumitur
368 2929 435 2971 sese
451 2914 590 2990 aptasse,
605 2915 640 2971 ut
654 2929 673 2971 a
688 2910 910 2971 communitate
929 2908 1084 2986 intellige-

151 3005 249 3063 retur.
273 3005 470 3082 Quapropter
491 3003 652 3082 interpreti
673 3022 735 3064 non
756 3006 821 3063 tam
842 3002 1018 3062 necessaria
1037 3002 1083 3060 est

151 3113 264 3174 graeoee
279 3099 310 3156 et
320 3096 425 3156 latinae
439 3095 602 3175 elegantias
615 3096 734 3173 notitia,
746 3115 840 3175 quum
850 3094 960 3155 notitia
969 3091 1081 3153 medim

151 3188 201 3247 vel
227 3188 342 3248 intimat
371 3189 540 3268 graecitatis
574 3194 628 3250 aut
652 3189 831 3265 latinitatis,
855 3187 1009 3268 siquidem
1029 3183 1081 3262 jus

151 3281 349 3358 canonicum,
367 3282 452 3361 quod
469 3282 505 3342 iis
520 3282 634 3361 linguis
652 3281 848 3360 potissimum
867 3281 1003 3351 constat,
1018 3292 1080 3333 nou

150 3391 187 3434 eo
202 3377 345 3452 tempore
365 3375 484 3436 editum
506 3379 553 3437 est
575 3393 636 3454 quo
656 3376 783 3455 vigebat
803 3391 907 3454 graeoa
930 3373 961 3430 et
982 3367 1080 3426 latina
1141 3395 1143 3400 ·

133 3451 324 3545 elegantia,
343 3468 399 3530 sed
414 3468 517 3547 potius
532 3468 658 3548 quando
673 3467 740 3528 istae
755 3467 870 3546 liuguae
884 3461 987 3523 varias
1006 3458 1080 3518 sub-

149 3558 252 3620 ierant
265 3563 443 3641 temporum
458 3561 695 3622 vioissitudines.
