2542 4122
352 340 392 388 ne
413 339 541 388 cessero
561 339 644 389 ruars
666 341 822 392 circumi.
996 335 1054 396 237

160 487 227 549 Hoc
246 487 373 548 nomine
388 486 594 566 designantur
609 488 653 548 illi
669 488 722 569 qui
737 489 821 551 vices
835 495 949 570 gerunt
965 511 1055 570 paro·

116 581 268 657 chorum,
294 580 347 658 qui
368 584 500 658 possunt
523 581 564 640 ad
583 581 662 642 duas
681 581 797 643 classes
818 585 972 646 revocari.
996 586 1055 646 Alii

116 691 234 752 nempe
246 676 320 733 suut
328 673 614 752 oecoaomr'parochi,
625 674 678 753 qui
689 675 836 753 supplent
845 677 1056 754 parochorum

116 765 268 842 defectui,
287 769 318 826 et
332 783 395 826 non
409 769 532 826 tantum
546 766 631 828 vices
645 771 759 845 gerunt
766 767 899 847 alicujus
913 770 1053 847 parochi,

116 863 290 938 quantum,
308 858 471 920 deficiente
493 859 632 936 parocho
649 860 718 939 (per
738 865 872 922 mortem
891 863 941 923 vel
955 883 1057 925 remo-

115 951 263 1030 tionem),
283 969 340 1030 pro
355 951 408 1012 illo
429 951 606 1012 animarum
627 971 737 1012 euram
755 959 879 1032 gerunt.
901 957 961 1017 Alii
980 975 1056 1018 vero

60 1113 62 1116 ¹
115 1063 183 1104 non
198 1044 345 1123 supplent
360 1044 516 1104 deiectum
531 1044 672 1122 parochi,
692 1046 748 1107 sed
762 1045 852 1108 illum
865 1049 1057 1129 coadjuvant

118 1139 174 1218 qui
194 1137 245 1198 vel
263 1137 393 1216 physice
415 1137 465 1198 vel
487 1137 650 1198 moraliter
670 1138 772 1219 impos
786 1143 848 1217 est,
866 1142 941 1220 quin
959 1143 1057 1222 possit
1111 1169 1115 1177 ¹

117 1231 305 1312 parochiam
319 1249 409 1292 suam
422 1230 653 1292 administrare.

159 1325 201 1396 ffl
223 1328 330 1384 autem
343 1325 394 1385 vel
408 1327 482 1387 sunt
496 1324 573 1384 meri
589 1324 833 1388 collaboratores
855 1346 910 1388 seu
924 1329 1057 1390 manda-

118 1418 191 1482 tarii
206 1417 429 1496 parochorum,
447 1417 500 1497 qui
514 1421 639 1478 tantmn
657 1424 788 1497 possunt
802 1426 954 1500 quantum
967 1442 986 1483 a
1000 1441 1057 1502 pa-

119 1511 226 1574 rochis
240 1510 417 1588 specialiter
428 1511 488 1571 illis
504 1510 706 1572 commissum
720 1517 777 1589 est,
795 1515 844 1574 vel
862 1516 1056 1578 ordinarium

119 1603 254 1684 alicujus
280 1603 419 1664 ecclesiae
452 1603 641 1682 parochialis
674 1604 860 1668 vicariatum
888 1610 1052 1671 sustinent.

120 1700 199 1770 Qua
226 1696 366 1758 secunda
393 1696 576 1776 hypothesis
606 1715 690 1776 saepe
718 1698 750 1758 in
776 1698 848 1779 jure
874 1701 1056 1782 contingere

119 1791 205 1852 valet
221 1811 228 1851 :
246 1789 278 1851 Si
294 1807 369 1850 cura
387 1789 578 1867 parochialis
594 1790 717 1852 adnexa
740 1791 781 1853 sit
799 1793 891 1854 alicui
917 1794 1056 1856 eeclesia

121 1883 173 1945 cui
187 1881 358 1962 praeficitur
376 1881 505 1962 aliquod
527 1882 694 1962 collegium
718 1884 903 1946 clericorum
924 1887 975 1948 vel
991 1905 1057 1947 mo·

123 1976 318 2050 nechoram,
336 1979 411 2036 tunc
426 1993 499 2035 cum
514 1994 591 2036 cura
600 1975 789 2054 parochialis
804 1996 866 2038 non
881 1980 979 2056 possit
991 1980 1057 2040 sine

122 2069 306 2131 confusione
325 2067 514 2148 collegiatim
534 2067 688 2145 exerceri,
709 2068 822 2147 aliquis
841 2070 936 2132 debet
956 2090 975 2132 a
994 2072 1059 2132 ccl-

122 2162 207 2242 legio
224 2159 366 2240 deputari
383 2161 436 2240 qui
450 2165 521 2222 actu
541 2160 694 2222 sustineat
708 2179 817 2222 curam
831 2163 1055 2240 parochialem.

123 2255 215 2318 Unde
238 2254 290 2315 hic
310 2257 435 2315 nonest
453 2254 585 2333 simplex
600 2254 765 2335 coadjutor
778 2255 907 2316 alterius
928 2255 1057 2335 parochi

124 2350 178 2430 qui
195 2352 267 2410 actu
284 2348 418 2409 retineat
431 2365 541 2409 curam
559 2347 750 2425 animarum,
767 2348 822 2434 sed
838 2353 910 2411 actu
930 2349 997 2429 ipse
1012 2351 1059 2411 est

124 2461 219 2504 verus
231 2441 400 2520 parochus,
416 2441 489 2501 licet
502 2440 637 2501 vicarius
651 2441 807 2520 parochus
823 2442 960 2521 dicetur,
980 2461 1058 2523 qua·

123 2541 216 2597 tenus
228 2537 334 2595 servat
346 2533 505 2612 quoddam
515 2532 675 2594 vinculum
688 2534 915 2613 dependentia,
928 2554 1058 2614 praeser-

123 2629 228 2692 timia
246 2627 370 2708 juribus
392 2625 570 2688 honorificis
583 2627 634 2686 vel
653 2627 843 2705 pecuniariis
866 2646 942 2706 erga
964 2628 1058 2688 colle-

125 2723 214 2802 gium
227 2721 305 2781 illud
316 2720 349 2780 in
365 2739 427 2800 quo
440 2719 549 2780 habitu
561 2718 678 2780 residet
692 2737 768 2780 cura
782 2720 968 2782 animarum.

166 2814 282 2877 Similis
291 2812 471 2874 verificatur
483 2831 574 2873 casus
585 2812 679 2873 etiam
690 2833 787 2892 quum
797 2831 873 2874 cura
880 2814 1058 2876 animarum

124 2909 165 2971 sit
176 2927 273 2987 penes
287 2925 385 2966 unum
400 2906 585 2984 parochum,
594 2906 649 2966 sed
660 2905 711 2966 ille
721 2905 771 2967 vel
785 2926 823 2967 ex
834 2907 941 2988 aliqua
949 2927 1054 2986 eausa,

123 2999 324 3076 infirmitatis
341 2999 417 3060 senii
433 3000 483 3060 vel
495 2999 574 3058 alius
589 2997 781 3079 hujusmodi,
794 3019 857 3062 non
874 3006 977 3079 potest
992 3001 1056 3062 ani·

123 3111 248 3156 marum
268 3109 376 3153 curam
395 3091 609 3171 parochialem
623 3092 794 3166 sustinere;
816 3094 866 3156 vel
884 3094 981 3155 habet
1002 3093 1056 3152 ali-

121 3203 218 3268 quam
232 3186 357 3264 plebem
371 3185 451 3246 adeo
471 3184 612 3245 dissitam
626 3186 666 3246 ab
684 3186 817 3247 ccclesia
830 3185 1004 3265 parochiali
1022 3187 1057 3244 ut

122 3297 210 3342 esua
224 3279 357 3340 ecclesia
370 3297 433 3338 non
445 3277 543 3358 possit
557 3277 617 3338 illis
630 3278 705 3340 satis
721 3281 894 3340 consulere.

82 3382 84 3385 '
160 3373 288 3435 'lumin
303 3373 405 3451 primo
421 3390 496 3432 casu
509 3371 588 3432 solet
597 3373 736 3450 parocho
748 3373 817 3432 dari
832 3369 997 3449 coadjutor
1007 3368 1058 3430 vel

121 3466 280 3547 parochus
293 3465 430 3527 vicarius
441 3463 493 3544 qui
504 3465 573 3525 loco
585 3463 683 3544 ipsius
697 3468 769 3526 actu
784 3464 936 3525 sustineat
948 3479 1056 3522 euram

121 3559 318 3639 animarum,
344 3558 395 3618 ille
414 3561 521 3619 autem
541 3557 697 3638 parochus
717 3557 826 3617 habitu
843 3557 965 3618 tantum
983 3553 1057 3628 reti-
