2540 4132
226 347 285 410 ιω
435 359 667 408 rnsnrurrcrss
687 361 771 411 sums
793 360 949 409 coroner.

225 505 361 570 maxims
374 503 439 586 pia,
454 505 510 569 atsi
522 508 747 569 testamentum
761 506 801 571 sit
813 506 987 568 invalidum
1006 525 1045 567 ex
1067 523 1163 570 causa

226 599 466 679 praeteritionis,
483 602 539 661 aut
553 599 818 662 exheredationia

147 731 148 734 =
267 695 316 754 ta·
339 691 397 767 Oui
410 700 485 753 tecet
498 694 658 754 ementire
672 692 798 755 videtur.
816 693 897 755 Alibi
915 713 922 754 :
940 691 987 767 Is,
1004 693 1060 774 qui
1077 701 1160 772 tecet,

226 805 283 848 ooo
296 785 421 865 fatetur,
437 785 488 846 sed
495 804 547 846 occ
556 786 657 868 utiquc
668 805 775 866 cepere
787 785 913 848 videtur.
924 785 969 846 Ex
983 785 1081 847 variis
1094 806 1163 849 cou-

180 869 182 876 ’
228 878 436 940 cilistionibus
449 880 512 938 DD.
526 878 575 939 hae
588 880 689 958 magis
698 880 824 959 placent
841 899 847 939 ε
866 880 889 940 1.
902 881 1024 940 Tacens
1035 897 1163 940 consen-

227 972 286 1034 tire
300 971 425 1033 videtur
438 971 470 1031 in
484 971 580 1032 meris
593 971 830 1048 favorabilibus,
849 989 919 1051 quae
934 971 1059 1032 nullum
1074 990 1160 1046 onus,

228 1069 260 1126 et
273 1081 443 1145 gravamen
461 1063 577 1125 tacenti
591 1065 726 1125 afferunt
743 1084 750 1125 :
767 1082 841 1124 nam
854 1063 987 1144 quisque
1000 1065 1162 1142 praesumi·

228 1163 280 1218 tur
293 1157 373 1218 velle
388 1175 480 1218 suum
494 1157 623 1218 bonum.
634 1159 672 1218 ΙΙ.
686 1159 807 1218 Tacens
819 1175 882 1218 non
895 1155 1021 1218 videtur
1035 1175 1160 1219 consen-

228 1251 287 1313 tire
302 1249 334 1310 in
349 1249 574 1311 favorabilibus
589 1295 596 1326 ,
618 1269 688 1329 quse
703 1268 782 1312 onus
799 1267 957 1310 annexum
973 1249 1115 1311 babent:
1131 1253 1162 1310 ut

228 1345 260 1404 in
287 1343 495 1422 sponsalibus,
519 1342 647 1420 nuptiis,
673 1342 908 1418 contractibus,
938 1341 1161 1417 electionibus,

229 1436 456 1513 collationibus,
474 1439 533 1498 eto.
550 1436 602 1496 Ill.
616 1437 736 1496 'iacens
750 1435 783 1494 in
796 1433 923 1511 odiosis,
932 1437 964 1494 et
976 1433 1036 1494 sibi
1052 1433 1164 1514 praeju-

230 1528 354 1590 diciosis
368 1528 555 1608 regulariter
569 1545 632 1588 non
642 1527 767 1589 videtur
782 1525 969 1588 consentire.
980 1527 1032 1588 IV.
1045 1528 1163 1588 'iacens

229 1622 261 1682 in
274 1621 401 1698 odiosis,
418 1622 608 1701 dumpctest
628 1623 659 1682 et
674 1619 769 1681 debet
791 1618 1025 1696 contradicere,
1050 1623 1084 1680 et
1104 1637 1162 1680 non

230 1713 426 1790 contradicit,
448 1714 582 1774 habetur
605 1731 661 1792 pro
684 1712 909 1789 consentiente,
926 1715 958 1773 et
972 1713 1161 1774 confitente:

230 1809 265 1866 ut
277 1805 303 1865 si
317 1804 455 1883 legitime
466 1804 573 1884 jussus
589 1823 608 1866 a
621 1805 728 1886 judice
743 1823 806 1867 non
822 1805 1032 1884 respondeat3
1050 1805 1127 1867 item
1140 1804 1163 1865 si

235 1896 391 1978 parochus
417 1915 555 1976 praesens
580 1916 644 1960 non
677 1897 872 1960 contradicat
895 1897 984 1958 alteri
1010 1896 1162 1958 sacerdoti

234 1989 350 2052 volenti
374 1989 545 2070 baptizare,
572 1991 718 2052 assistere
739 1988 940 2052 matrimonio
956 2007 962 2048 :
977 1992 1055 2052 tuuc
1083 1990 1162 2052 enim

233 2086 377 2146 censetur
390 2083 566 2144 consentire
582 2103 589 2157 ;
607 2083 652 2145 uti
666 2086 699 2146 et
712 2083 860 2164 praelatus
875 2083 1030 2162 regularis
1045 2082 1079 2144 in
1097 2082 1159 2159 bis,

232 2196 302 2260 qua
314 2177 382 2256 scit,
397 2181 429 2239 et
441 2176 538 2253 videt,
555 2179 587 2238 et
600 2195 663 2238 non
674 2175 870 2238 contradicit.
886 2176 964 2238 assi
978 2179 1100 2254 tacens,
1112 2174 1162 2256 qui

230 2272 360 2334 deberet
378 2269 604 2347 contradicere,
623 2269 715 2330 facile
733 2287 798 2330 non
816 2271 921 2349 potest
931 2269 1113 2348 prohibere,
1134 2270 1162 2328 et

230 2382 302 2424 cum
325 2367 437 2426 effectu
458 2363 687 2440 contradicere,
718 2379 782 2423 non
807 2365 952 2424 censetur
973 2360 1158 2436 consentire,

230 2455 312 2516 sicut
324 2459 421 2534 Papa,
438 2456 587 2536 episcopi,
611 2457 642 2517 et
658 2454 779 2535 praelati
803 2455 965 2534 regulares
983 2453 1085 2515 multa
1107 2469 1160 2533 per

232 2547 414 2627 patientiam
425 2548 580 2627 tolerant,
597 2568 636 2610 ne
653 2548 776 2630 maj0ra
790 2547 875 2609 mala
896 2549 1083 2628 sequantur,
1101 2563 1158 2607 non

141 2689 144 2706 ι
230 2645 335 2706 tamen
345 2646 512 2704 censentur
526 2641 713 2704 consentire.

270 2739 319 2798 16·
339 2735 537 2798 Praesumitur
548 2734 726 2815 ignorantia,
738 2733 790 2794 ubi
801 2733 923 2795 scientia
932 2753 991 2815 coo
1003 2733 1155 2815 probatur.

231 2827 351 2903 Regula
372 2827 515 2905 procedit
532 2827 616 2888 circa
640 2826 724 2888 iacta
746 2826 977 2906 contingentia,
995 2843 1067 2906 quae
1093 2825 1158 2906 quis

228 2917 307 2980 scire
322 2936 385 2979 non
399 2922 537 2994 tenetur3
555 2922 589 2982 ut
603 2919 629 2980 si
644 2919 802 2998 percutias
820 2919 969 2981 clericum
986 2938 1052 2981 non
1069 2917 1160 2980 vesti-

226 3015 294 3072 tum
306 3010 416 3072 habitu
441 3011 587 3074 clericali.
613 3015 654 3074 At
676 3017 786 3074 contra
801 3012 883 3074 circa
894 3012 979 3092 jura,
999 3015 1031 3074 et
1048 3013 1156 3092 leges,

226 3103 310 3166 circa
324 3103 458 3181 notoria,
473 3107 504 3166 et
522 3105 659 3183 publica,
683 3109 714 3166 et
728 3105 811 3168 circa
830 3123 878 3182 es,
897 3122 967 3184 quse
978 3105 1055 3184 quis
1067 3104 1156 3178 scire,

226 3201 258 3260 et
275 3196 426 3277 indagare
442 3200 577 3275 tenetur,
598 3197 799 3276 praesumitur
820 3197 970 3274 scientia,
984 3197 1045 3284 ubi
1073 3197 1157 3276 igne

137 3364 139 3370 ¹
225 3291 328 3355 cantia
340 3309 404 3354 non
415 3291 577 3371 probatur.
1253 3277 1254 3290 ¹

129 3373 139 3450 i
265 3389 315 3448 17·
337 3383 395 3448 Cui
413 3385 491 3462 licet,
519 3385 599 3467 quod
623 3393 666 3446 est
686 3384 768 3467 plus,
799 3384 867 3446 licet
888 3384 1000 3468 utique,
1022 3382 1102 3467 quod
1118 3392 1159 3444 cst
1252 3423 1253 3430 ι

223 3479 328 3540 micus.
341 3477 462 3560 Regula
476 3479 536 3540 ista
552 3478 695 3557 procedit
708 3478 741 3538 in
751 3477 887 3558 juribus,
901 3482 933 3540 et
949 3477 1159 3558 potestatibus

224 3569 446 3662 subordinatis,
459 3589 593 3652 quarum
605 3571 749 3651 superior
762 3587 820 3648 per
833 3590 866 3634 se
879 3571 1019 3634 continet
1033 3569 1159 3638 misrio-
1207 3605 1213 3616 ·
