2542 4122
197 303 255 364 alo
408 308 636 356 msrrrurrouus
657 307 740 353 aunis
762 304 917 351 ceroma.

198 458 291 522 tionis
305 454 471 518 ordinaria
482 453 532 512 vel
547 449 814 513 extraordinariae.
828 452 917 508 Nunc
930 447 969 506 de
981 446 1131 525 gradibus

200 551 290 633 quasi
313 547 499 627 episcopalis
521 545 698 624 dignitatis,
717 543 769 621 qui
795 561 867 602 cum
888 540 998 601 bifarie
1024 538 1134 598 ‹bstin-

200 647 353 724 guantur,
380 641 487 717 utpote
517 638 569 716 qui
595 637 764 715 aliquando
788 635 845 710 rei,
862 633 1040 712 'aliquando
1065 651 1135 708 per·

202 754 285 798 souae
300 733 544 806 committantur,
568 729 720 790 distinctis
735 725 943 806 paragraphis
966 729 1039 786 suut
1052 733 1135 784 triae-

201 828 299 892 tandi.

256 1011 294 1052 lll.
311 1010 340 1050 De
353 1005 453 1063 gradibus
463 1008 522 1060 quasl
537 1003 694 1059 episcopalibus
703 1003 750 1046 sedi
763 1003 858 1066 annexis,
870 1015 908 1046 seu
921 1003 949 1045 de
963 1002 1083 1045 abbatibus.

252 1181 331 1243 XXI.
359 1177 506 1250 Quamvis
535 1177 674 1237 Ecclesia
698 1195 794 1254 super
820 1163 984 1255 episcopos
1006 1176 1138 1234 fundata

205 1275 245 1337 ab
272 1272 424 1352 episcopis
453 1269 614 1331 ordinaria
639 1269 910 1329 administratione
931 1269 1137 1347 gubernetur,

205 1372 310 1430 tamen
333 1363 445 1424 accidit
466 1363 635 1442 aliquando
656 1365 691 1422 ut
712 1361 819 1440 aliqua
842 1361 981 1422 Ecclesia
1002 1361 1141 1438 particu-

205 1459 279 1521 laris
292 1458 335 1518 ita
353 1457 392 1518 sit
409 1456 577 1516 constituta
596 1458 631 1516 ut
648 1456 717 1515 loco
733 1454 870 1532 episcopi
887 1454 937 1514 vel
957 1453 1041 1513 sedis
1061 1454 1142 1531 opis-

208 1550 324 1630 copalis
348 1550 444 1610 alium
470 1549 586 1608 babeat
613 1548 780 1626 praelatum
802 1547 852 1607 vel
879 1547 987 1606 sedem
1014 1547 1143 1606 alterius

208 1643 346 1725 praelati,
366 1642 417 1720 qui
437 1642 510 1700 lieet
531 1641 613 1700 illius
633 1641 715 1700 sedis
736 1659 799 1700 non
821 1639 860 1700 sit
879 1639 1064 1716 episcopus,
1080 1639 1143 1697 imo

209 1755 267 1796 nec
292 1733 460 1812 episcopali
485 1733 594 1793 ordine
619 1733 803 1812 insignitus,
820 1737 925 1794 tamen
950 1731 1042 1810 quasi
1065 1731 1145 1808 epis-

210 1845 306 1906 copus
319 1843 389 1886 eam
404 1824 601 1886 administrat
618 1845 673 1886 seu
689 1827 778 1905 quasi
793 1825 1006 1904 episcopalem
1021 1827 1145 1884 exercet

207 1917 467 2000 jurisdictionem.

250 2012 288 2073 lli
301 2011 421 2091 praelati
435 2011 508 2071 dicti
522 2015 594 2072 sunt
606 2011 723 2072 abbates
735 2012 840 2092 (latine
854 2011 992 2090 patres),
1010 2028 1146 2091 quorum

212 2105 301 2186 origo
329 2123 366 2164 ex
392 2104 480 2165 fastis
506 2103 734 2165 monachorum
762 2105 902 2183 profecta
931 2104 1069 2165 videtur.
1091 2106 1146 2163 llx-

213 2198 338 2260 structis
360 2216 495 2276 namque
511 2198 620 2276 procul
635 2197 675 2256 ab
695 2198 824 2258 urbibus
839 2197 990 2258 coenobiis
1010 2217 1067 2258 seu
1083 2216 1144 2257 mo·

213 2291 372 2368 nasleriis,
388 2290 477 2350 facile
495 2290 596 2368 potuit
615 2290 792 2352 evenirent
811 2291 957 2370 quaedam
974 2273 1145 2352 christiana

214 2383 302 2461 plebs
334 2382 417 2441 eirca
449 2382 567 2442 moenia
602 2384 784 2444 monasterii
820 2384 1012 2462 excreverit,
1038 2402 1144 2446 eorum

214 2492 326 2552 nempe
351 2473 403 2551 qui
429 2473 576 2550 operibus
602 2475 792 2536 monasterio
819 2477 1022 2555 praestandis,
1040 2478 1093 2538 vel
1115 2476 1143 2535 in

215 2584 363 2647 agrorum
385 2565 522 2643 cultura,
538 2567 587 2627 vel
608 2567 778 2629 incaeteris
803 2574 905 2631 essent
927 2570 1057 2631 addicti.
1075 2573 1143 2631 Hac

215 2661 303 2740 plebs
319 2659 489 2720 christiana
506 2659 595 2720 facile
615 2661 725 2721 babuit
740 2663 903 2722 eeclesiam
917 2663 1144 2724 monachorum

216 2755 367 2830 tanquam
388 2752 559 2830 parrociam
581 2770 689 2830 suam,
709 2755 759 2814 vel
783 2755 962 2816 monasterii
983 2758 1143 2834 praefectos

218 2844 260 2923 (id
274 2847 320 2904 est
333 2843 472 2923 abbates)
488 2848 640 2923 tanquam
658 2865 730 2906 suos
750 2847 927 2925 spirituales
944 2852 1067 2926 patres,
1082 2853 1143 2908 tau-

218 2955 313 3016 quam
332 2937 536 3014 parcchos,a
556 2937 668 3018 quibus
690 2937 891 3017 spiritualiter
909 2945 1104 3019 regerentur.

259 3030 321 3092 Sed
335 3033 501 3108 postquam
516 3031 707 3092 monasteria
722 3037 753 3092 et
764 3033 940 3110 superiores
956 3039 1067 3094 eorum
1082 3035 1144 3111 plu·

218 3143 268 3184 res
281 3123 484 3184 obtinuerunt
501 3123 698 3201 exceptiones
714 3126 753 3186 ab
767 3125 949 3188 auctoritate
965 3126 1143 3205 episcopali,

219 3218 296 3277 nihil
320 3216 440 3276 facilius
462 3216 591 3294 contigit
615 3236 709 3295 quam
733 3223 768 3280 ut
792 3219 859 3280 haec
883 3220 1038 3298 pemseia,
1061 3220 1146 3279 inde-

219 3310 359 3388 pendens
375 3309 498 3369 reddita
519 3310 558 3368 ab
580 3311 764 3372 auctoritate
785 3312 935 3391 episcopi,
952 3315 1042 3372 fieret
1060 3311 1146 3392 quasi

221 3403 382 3479 dioecesis‚
408 3402 458 3463 vel
484 3401 552 3461 haee
577 3403 745 3464 auctoritas
774 3392 1058 3482 quae'parocbialis
1083 3409 1148 3465 erat

222 3509 383 3576 quousque
410 3494 556 3574 episcopo
585 3493 725 3576 subjecta
755 3497 921 3576 manebat,
948 3498 1037 3578 quasi
1067 3497 1149 3582 epis*¹
