2502 4130
184 309 244 370 288
393 318 622 368 mauraneum
641 319 725 366 runis
746 317 899 364 aaronica

185 465 365 528 habuenmt
378 463 419 526 ad
431 462 587 541 schisma,
607 481 680 526 cum
693 462 797 524 minus
816 461 930 524 sentire
944 465 1125 542 potnerunt

185 559 338 620 inlluxum
346 555 503 638 generalis
521 555 694 635 disciplinae
706 554 1125 633 ecclesiasticae,ardenticri

185 650 283 714 indoli
298 648 497 712 orientalium
513 648 554 708 ad
570 647 734 710 libidinem
750 646 851 726 magis
871 649 1049 726 proruenti,
1072 649 1124 710 vel
1240 653 1242 736 J

185 743 255 804 eliis
267 741 379 804 causis.
398 741 449 803 Sic
464 740 582 800 factum
599 743 647 801 est
664 739 750 818 quod
772 758 846 800 usus
866 739 1018 800 initarum
1040 759 1125 819 nup·
1241 739 1242 780 i

185 836 302 900 tiarum
327 853 398 915 quoe
419 833 452 894 in
478 832 665 894 occidentali
695 831 836 894 Ecclesia
862 831 984 894 clericis
1004 833 1124 894 mansit

185 927 380 1003 interdictus,
397 925 482 1005 apud
493 942 546 986 eos
556 924 733 986 invaluerit.

226 1019 316 1084 Unde
324 1017 392 1099 jam
404 1021 480 1080 tunc
493 1035 513 1078 a
525 1020 668 1096 ternpore
683 1016 805 1080 aoncilii
820 1015 949 1093 Nicaeni,
963 1034 1017 1077 res
1035 1017 1069 1077 in
1084 1037 1122 1080 eo

186 1115 253 1176 erat
260 1113 409 1174 utPatres
417 1109 556 1190 generali
565 1108 788 1187 etstriotalege
796 1108 965 1190 prohibere
975 1127 1053 1171 cum
1060 1111 1124 1172 vel-

185 1207 252 1268 lent
262 1203 383 1266 clericis
393 1221 485 1264 usum
494 1201 686 1281 nuptiarum,
700 1201 897 1262 obstaculum
905 1200 965 1261 fuit
981 1220 1021 1262 ex
1031 1205 1123 1281 parte

186 1296 402 1374 Orientalium,
417 1315 456 1356 ne
466 1293 612 1355 videlieet
621 1293 681 1354 hac
692 1296 781 1354 tenta
789 1292 1003 1373 prohibitione
1014 1293 1123 1354 minis-

186 1393 308 1452 trorum
336 1388 470 1468 penuria
497 1389 752 1466 consequeretur,
774 1385 931 1477 siquidem
947 1386 1078 1448 caelibes
1093 1391 1124 1448 et

185 1480 323 1560 virgines
334 1499 396 1542 non
406 1479 497 1542 facile
504 1479 745 1542 inveniebantur
756 1478 808 1560 qui
819 1478 1002 1540 ministeriis
1013 1479 1123 1560 hujus-

186 1573 272 1638 modi
285 1576 400 1654 praestc
411 1573 525 1635 essem.

226 1665 302 1728 Inde
328 1684 348 1727 a
372 1665 491 1744 puriori
513 1665 567 1726 illa
595 1663 760 1744 disciplina
784 1681 854 1744 qum
883 1663 987 1743 viguit
1012 1664 1123 1743 primis

187 1757 334 1821 Ecclesia
348 1758 482 1835 saeculis,
497 1775 656 1819 recessere
669 1756 768 1818 Graeci
784 1774 928 1836 novaque
941 1757 975 1816 in
988 1758 1122 1819 concilio

187 1851 336 1914 Trullano
357 1850 474 1929 scripta
488 1850 583 1912 etiam
596 1851 667 1930 lege
680 1848 765 1928 apud
779 1867 833 1911 eos
845 1848 1001 1911 declivior
1012 1869 1123 1912 eornm
1241 1915 1242 1922 ,

187 1943 352 2024 disciplina
364 1943 550 2006 confirmata
562 1947 618 2005 est.
636 1946 755 2004 'lamen
773 1941 970 2004 interdicitur
993 1945 1122 2006 omnino
1241 1937 1242 1942 ’

188 2037 423 2120 episcopisusus
430 2037 626 2116 nuptiarum:
635 2053 697 2116 quo
707 2035 782 2098 litut
791 2035 969 2115 episcopiin
980 2037 1123 2098 Ecclesia

186 2149 291 2212 graeca
302 2149 341 2193 cx
356 2129 517 2192 monachis
534 2128 586 2209 qui
601 2128 779 2190 caelibatum
797 2131 935 2206 servent,
955 2147 1123 2192 assuman-

187 2229 250 2302 tur,
262 2242 335 2286 cum
348 2223 439 2286 facile
454 2223 493 2284 de
506 2222 589 2284 claro
604 2222 747 2284 saeculari
766 2240 830 2284 non
847 2222 1051 2294 inveniantur
1069 2223 1121 2304 qui

190 2317 289 2378 velint
299 2335 356 2396 pro
369 2315 568 2396 suscipiendo
585 2315 638 2378 illo
653 2315 755 2396 gradu
770 2315 810 2376 ab
828 2333 926 2376 uxore
941 2317 1121 2378 abstinere:
1240 2343 1241 2346 ¹

188 2425 250 2486 quc
271 2409 314 2488 fit]
332 2412 367 2469 ut
380 2408 613 2470 monachismus
631 2407 689 2469 sibi
711 2409 941 2487 comparaverit
964 2411 1122 2472 exclusive

190 2498 339 2560 fiduciam
357 2501 556 2579 populorum,
577 2504 608 2562 et
631 2501 672 2562 sit
696 2500 735 2561 de
755 2501 837 2562 facto
861 2521 955 2564 verus
973 2504 1122 2566 Ecclesia

188 2592 348 2656 orientalis
363 2593 480 2672 clerus,
496 2597 585 2657 tante
603 2594 643 2656 sit
657 2595 826 2656 necessitas
841 2595 1003 2658 caelibatus
1024 2598 1122 2658 eccle-

187 2687 322 2749 siastieil
670 2741 674 2747 .

228 2780 319 2850 Quod
331 2798 405 2841 vero
420 2783 540 2861 spectat
552 2781 592 2842 ad
605 2780 815 2858 praesbyteros
833 2785 864 2842 et
886 2780 1039 2844 diaconos
1055 2781 1120 2862 (qui

187 2869 245 2930 soli
259 2871 394 2951 majores
409 2873 511 2934 clerici
524 2875 708 2952 reputantur
718 2873 802 2951 apud
816 2874 965 2953 Graecos),
977 2874 1039 2936 illis
1048 2893 1120 2954 per-

188 2960 283 3026 mittit
292 2963 461 3026 concilium
472 2965 656 3026 Trullanum
670 2983 744 3026 usus
756 2965 938 3045 nuptiarum
950 2971 1024 3028 ante
1039 2967 1119 3027 ordi-

188 3074 262 3118 nem
279 3055 438 3118 initarum.
465 3057 555 3119 Unde
579 3058 680 3119 solent
704 3059 737 3118 in
758 3058 932 3120 minoribus
959 3058 1118 3121 constituti

191 3167 321 3212 uxorem
339 3147 454 3210 ducere
469 3153 638 3229 antequam
650 3150 690 3210 ad
704 3150 841 3230 majores
854 3151 1036 3213 ascendant.

228 3243 349 3306 Morem
371 3241 455 3303 hunc
476 3241 616 3302 Ecclesia
647 3241 747 3304 latina
765 3261 828 3304 non
852 3243 982 3305 laudat:
1005 3243 1119 3304 toleret

188 3337 311 3397 tautum
324 3336 364 3397 cb
375 3352 485 3415 pacem
499 3335 698 3397 servandam.
722 3336 830 3398 Solum
852 3335 950 3416 exigit
965 3339 1001 3411 ut
1021 3355 1119 3414 praes·

188 3426 291 3504 byteri
310 3428 406 3506 gram
431 3445 488 3506 per
504 3426 662 3506 integram
683 3427 917 3490 hebdomadam
935 3429 985 3492 vel
1006 3430 1118 3490 saltem

189 3519 403 3599 pertriduum
424 3520 464 3584 ab
484 3537 580 3582 uxore
604 3519 799 3604 abstineant,
818 3541 916 3608 quum
940 3522 980 3588 ad
1002 3540 1117 3604 corpus
