2540 4132
349 346 386 389 un
409 345 536 392 caruero
558 347 639 392 Jon1s
663 314 816 392 caedmon
991 335 1044 394 181

116 486 326 548 committitur
340 493 478 565 potestas
497 489 671 568 judicandi,
694 489 768 568 quin
783 488 899 548 habeat
914 488 1049 550 officium

115 598 308 660 permanens
321 581 370 640 cui
384 580 416 641 in
427 581 498 661 jure
508 582 577 643 haeo
588 587 725 661 potestus
736 582 776 644 sit
787 581 924 660 alligata.

159 676 191 734 3⁰
203 675 249 734 Ex
265 673 348 734 modo
359 693 421 753 quo
432 675 546 736 debeat
556 676 705 752 exerceri,
716 675 798 736 redit
813 675 880 736 haeo
893 673 1048 737 distinctio

114 768 151 828 iu
167 767 419 847 jurisdictionem
433 769 625 829 ordinariam
644 772 676 829 et
692 767 991 844 extraordinariam,
1012 767 1050 828 si·

117 860 248 939 quidem
272 859 346 920 illud
372 879 429 920 esse
449 860 616 921 ordinatum
642 881 679 921 ea:
703 861 806 940 reputo
830 880 891 921 non
920 861 1055 922 refertur

116 953 209 1014 titulo
224 971 285 1035 quo
303 953 478 1032 jurisdictio
498 955 640 1032 habetur,
658 955 714 1014 sed
731 954 825 1014 modo
851 972 912 1032 quo
932 971 1055 1014 exerce-

116 1050 181 1106 tur.
195 1045 360 1105 Ordinaria
373 1046 550 1125 jurisdictio
562 1048 620 1108 sub
646 1047 706 1108 hcc
719 1049 866 1124 ¹respectu
883 1046 969 1126 (quae
986 1046 1055 1125 qui-

119 1139 194 1204 dem
204 1139 364 1217 pastoralis
378 1158 434 1200 seu
450 1139 635 1218 episcopalis
650 1139 797 1200 usuvenit
811 1139 984 1215 nominari,
1005 1139 1055 1200 vel

120 1232 218 1292 etiam
243 1231 420 1310 immediato)
444 1232 496 1292 illa
518 1237 565 1293 est
589 1251 658 1312 quae
679 1233 771 1293 datur
789 1250 845 1310 pro
869 1231 1004 1312 regulari
1026 1237 1056 1292 et

121 1323 281 1385 ordinario
292 1323 443 1402 regimine
455 1325 587 1404 alicujus
601 1325 844 1402 communitatis,
858 1343 928 1404 quae
938 1325 1057 1386 scilicet

121 1416 282 1478 constituit
291 1417 484 1477 ordinarium
494 1417 739 1496 gubernatorem
747 1417 1053 1497 alicujussocietatis.
1065 1483 1069 1490 ,

83 1581 87 1592 ¹
121 1513 189 1571 Hoc
209 1527 301 1570 sensu
321 1510 457 1588 episcopi
474 1510 621 1572 dicuntur
636 1513 779 1573 locorum
798 1509 954 1587 ordinarii,
971 1509 1057 1572 ordi-

123 1602 202 1664 narii
217 1621 329 1681 nempe
349 1607 499 1682 pastores),
517 1604 689 1668 immediati
702 1607 841 1666 rectores
858 1603 1054 1666 dioecesium.

164 1698 230 1756 Hoc
242 1696 317 1757 item
336 1715 429 1758 sensu
448 1697 624 1758 ordinarius
646 1697 708 1758 diei
731 1697 863 1758 deberet
883 1696 936 1757 ille
962 1696 1058 1757 ctiam

124 1789 194 1868 qui,
215 1789 288 1850 licet
311 1809 400 1850 suam
418 1789 669 1869 jurisdictionem
693 1791 826 1852 haberet
848 1809 886 1852 ex
908 1789 1057 1850 mandato

123 1881 266 1960 speciali,
280 1886 386 1942 tamen
400 1882 443 1942 illi
458 1883 626 1944 commissa
651 1887 733 1943 esset
747 1881 907 1943 ordinaria
927 1881 1059 1959 alicujus

125 1974 265 2036 eoclesiae
280 1975 330 2036 vel
343 1975 520 2055 aliquarum
538 1975 743 2036 ecclesiarum
756 1974 996 2036 administratio.

167 2070 282 2129 Contra
296 2087 382 2145 vero,
397 2069 422 2129 si
436 2069 505 2148 quis
518 2069 652 2128 haberet
663 2067 784 2128 ratione
800 2066 877 2128 tituli
893 2067 941 2126 vel
958 2064 1060 2142 digni-

124 2161 199 2222 tatis
209 2165 241 2222 et
252 2161 382 2241 dejure,
395 2162 534 2242 aliquam
545 2161 798 2242 jurisdictionem
814 2158 1016 2232 ordinariam,
1030 2160 1061 2216 et

124 2253 243 2314 illinon
259 2259 340 2316 esset
350 2255 516 2316 commissa
527 2254 687 2316 ordinaria
701 2251 942 2328 administratio,
955 2250 1063 2310 imme·

128 2347 250 2408 dietum
261 2349 449 2427 gubernium
463 2349 595 2429 alicujus
604 2346 854 2422 communitatis,
871 2344 927 2406 sed
939 2346 1062 2405 tantum

129 2444 316 2519 potestatem
329 2441 693 2503 haberetintervenicndi
707 2441 739 2500 in
756 2439 879 2500 casibus
892 2435 1062 2499 extraordi-

130 2535 237 2611 nariis,
249 2535 527 2596 seuauctoritatem
534 2553 623 2596 suam
634 2532 852 2612 interponendi
861 2531 1006 2610 perviam
1012 2547 1062 2588 ex-

131 2628 294 2706 septimis,
307 2632 341 2688 ut
351 2647 463 2707 nempe
477 2629 636 2706 suppleret
650 2626 785 2688 defectui
800 2673 807 2700 ‚
827 2625 877 2684 vel
892 2622 1064 2700 corrigeret

131 2740 277 2782 excessus
285 2721 673 2800 gubernatorisordiuarii,
684 2720 735 2779 hic
746 2716 920 2779 ordinarius
929 2714 990 2775 dici
1001 2731 1063 2774 non

132 2819 248 2893 posset.
262 2814 356 2876 Verb.
368 2835 399 2894 g.
418 2836 424 2876 :
440 2814 638 2892 patriarcha,
654 2812 816 2892 primates
836 2806 1064 2887 archiepiscopi

132 2902 1062 2987 habeutdejurecommuni‚rationediguitatisilliscollatae,

134 3002 270 3081 aliquam
290 3001 540 3081 jurisdictionem
561 3001 593 3059 in
617 2999 763 3060 ecclesias
795 2998 1066 3075 suffraganeorum

134 3113 274 3171 suorum,
293 3094 325 3154 in
340 3095 487 3155 ecclesias
511 3112 624 3172 nempe
639 3111 709 3172 quae
733 3091 766 3151 in
781 3108 890 3150 eorum
905 3085 1066 3167 provincia

135 3187 463 3266 comprehenduntur;
479 3206 548 3267 quae
562 3187 690 3266 quidem
700 3187 838 3265 potestas
853 3182 974 3243 ratione
986 3174 1066 3238 tituli

135 3281 295 3342 ordinaria
308 3286 371 3356 est;
383 3301 447 3342 non
462 3286 567 3342 autem
580 3279 700 3340 ratione
715 3278 800 3339 modi
816 3295 878 3356 quo
894 3275 980 3334 iliam
995 3287 1068 3347 pos-

134 3379 208 3437 sunt
218 3393 374 3436 cxercere.
388 3378 456 3438 Nou
471 3379 544 3436 sunt
555 3373 639 3436 euim
653 3372 720 3434 veri
736 3374 767 3432 et
779 3367 896 3450 proprii
910 3363 1069 3444 guberna-

135 3473 219 3530 tores
233 3468 347 3529 harum
360 3469 573 3545 ecclesiarum,
588 3485 647 3528 nec
658 3484 766 3527 earum
776 3461 1070 3541 possunttauquam

137 3561 288 3623 ordinarii
303 3561 428 3636 haberi;
454 3561 510 3622 scd
534 3561 635 3622 solum
658 3554 846 3619 intervenire
868 3551 1000 3631 possunt
1014 3565 1071 3628 per

227 3683 291 3725 rom
312 3686 330 3726 ι.
611 3689 618 3702 ’
951 3659 978 3714 Η
