2518 4144
314 375 422 425 marca
444 375 597 424 sescnns
618 375 701 423 rums
723 373 876 424 canonici.
1024 361 1062 426 39

168 521 201 580 2⁰
229 521 263 581 ln
292 519 420 582 decreta
445 519 649 580 conciliorum
673 522 738 580 tum
768 519 969 584 naitionalium
996 527 1061 584 tum

128 613 387 694 provincialium
404 617 435 674 et
446 613 574 672 demum

168 709 205 767 30
226 709 261 768 In
272 711 389 768 statuta
403 706 592 768 dioecesana.

168 802 276 860 Potest
297 799 453 879 generalis
476 799 543 860 baee
567 799 722 878 synthesis
743 799 860 862 institui
884 821 890 862 :
917 801 1002 880 leges
1022 801 1062 860 le-

125 896 243 954 runtur
255 893 305 954 vel
320 911 339 952 a
353 892 483 970 singulis
498 893 677 970 pastoribus
692 893 741 952 vel
757 913 777 954 a
796 899 957 973 pastorum
971 893 1064 954 colle-

124 987 193 1066 gio.
209 986 272 1047 Sia
286 985 463 1064 pastoribus
478 985 619 1064 singulis,
641 986 690 1046 vcl
711 1005 730 1046 a
749 989 889 1048 Romano
902 986 1061 1062 pontifice,

126 1080 179 1140 vel
200 1098 218 1139 a
234 1079 338 1158 legato
352 1078 533 1158 apostolice,
548 1078 598 1138 vel
614 1079 653 1138 ab
669 1078 815 1158 episcopo
831 1079 983 1140 feruntur.
998 1079 1029 1140 Si
1045 1097 1063 1140 a
1172 1139 1180 1148 ,

127 1172 262 1251 collegio
286 1171 527 1250 pastorum,ch
550 1190 569 1230 a
591 1171 722 1232 concilio
736 1173 894 1251 generale,
910 1173 958 1234 rel
979 1191 1064 1252 asy-

128 1266 214 1326 nodo
228 1263 423 1344 provinciali,
440 1264 490 1324 vel
505 1283 525 1324 a
537 1264 658 1342 synodo
672 1264 860 1326 dioecesana.

171 1359 223 1419 Sic
238 1359 391 1418 babemus
406 1358 540 1436 primam
556 1357 786 1420 distinctionem
801 1377 837 1420 ex
854 1359 977 1422 diverso
993 1359 1063 1420 sub

124 1458 211 1538 jecto
227 1451 311 1532 quod
322 1451 353 1510 in
367 1449 507 1511 Ecclesia
513 1449 566 1530 jus
577 1450 661 1528 dicit.

169 1549 221 1609 Ill.
246 1549 276 1606 2⁰
297 1543 352 1604 Ec
380 1542 491 1604 diverso
523 1542 650 1624 subjecto
678 1545 727 1604 cui
743 1545 947 1624 jactitatur,
978 1547 1063 1624 leges

128 1662 194 1704 non
213 1637 376 1716 distinguit
386 1636 635 1716 jurisprudentia
661 1638 770 1700 civilis,
787 1641 865 1700 Cum
890 1639 972 1700 enim
1002 1658 1062 1698 non

127 1735 282 1816 agnoscat
296 1729 468 1808 perlectam
483 1729 664 1790 societatem
686 1731 744 1792 nisi
758 1732 790 1792 in
806 1732 953 1794 societate
968 1751 1064 1810 gene-

127 1828 188 1890 rali
218 1843 287 1906 quae
314 1823 372 1883 sub
395 1822 543 1902 principis
565 1824 749 1886 auctoritate
773 1825 1063 1905 gubernatu1·‚lra²c

128 1925 238 1983 autem
257 1915 378 1978 nonnisi
399 1935 462 1976 una
481 1915 520 1976 sit
539 1935 595 1994 pro
620 1917 749 1996 singulis
771 1919 913 1995 statibuS,
932 1919 1003 1978 binc
1018 1921 1065 1977 est

129 2013 216 2096 quod
229 2029 327 2072 unum
345 2011 468 2070 tantum
489 2009 667 2089 subjectum
678 2009 785 2090 legum
798 2011 936 2073 civilium
951 2010 1063 2072 consti-

128 2105 201 2181 tuit,
215 2120 328 2182 nempe
343 2101 497 2180 integram
510 2101 747 2179 rempublicam.

172 2199 345 2275 Propterea
358 2193 383 2254 si
400 2213 478 2274 quos
489 2194 585 2254 babet
598 2194 675 2256 ordo
686 2195 784 2256 civilis
798 2196 999 2274 magistratus
1010 2195 1062 2274 qui

127 2292 189 2354 sub
199 2289 339 2369 principe
351 2287 510 2348 constituti
521 2287 749 2366 rempublicam
762 2287 991 2365 administrant,
1010 2305 1063 2348 eos

128 2385 229 2445 habet
258 2386 409 2460 tanquam
433 2379 583 2460 principis
610 2381 811 2443 administros
835 2400 892 2462 pro
921 2381 1064 2444 custodia

123 2477 247 2559 jurium
271 2492 340 2554 quae
362 2473 403 2533 ad
430 2473 658 2551 rempublicam
679 2475 928 2536 conservandam
950 2479 981 2535 et
1003 2494 1062 2554 gu-

127 2569 327 2631 bernandam
341 2565 495 2642 feruntur,
513 2583 576 2626 non
594 2569 700 2628 autem
719 2572 870 2648 tanquam
886 2567 1063 2630 conditores

123 2662 207 2743 juris
222 2658 430 2740 particularis
446 2677 501 2718 seu
514 2657 720 2736 legislatores.

171 2755 234 2816 Sed
248 2751 388 2814 Ecclesia
401 2749 566 2827 catholica,
583 2770 654 2830 quae
674 2773 744 2814 eam
766 2753 861 2815 babet
872 2753 1061 2832 peculiarem

127 2847 394 2921 constitutionem,
408 2847 443 2904 ut
452 2844 603 2904 resultare
616 2845 761 2907 videatur
773 2866 810 2906 ex
821 2851 866 2908 tot
880 2847 1063 2908 minusculis

126 2939 330 3002 societatibus
349 2938 380 2996 in
402 2955 458 2996 suo
481 2955 597 3015 genere
613 2940 759 3016 perfectis
773 2944 849 3020 quot
866 2945 938 3002 sunt
962 2940 1063 3000 natio-

127 3053 196 3112 nes,
215 3035 292 3113 quot
312 3033 385 3091 sunt
398 3029 579 3108 provinciae,
597 3037 756 3110 quotsunt
770 3033 931 3110 dioeceses
948 3037 1063 3112 practer

123 3128 178 3209 jus
192 3125 368 3188 universale
380 3121 522 3202 agnoscit
531 3126 563 3182 et
573 3123 625 3202 jus
636 3127 806 3204 peculiare.
857 3125 870 3160 '

169 3222 342 3298 Propterea
354 3235 392 3276 ex
402 3215 526 3276 diverso
537 3216 677 3296 subjecto
689 3221 773 3298 quod
782 3220 904 3300 legibus
920 3218 1064 3280 subditur

129 3315 173 3376 ita
186 3331 240 3374 eas
260 3308 423 3388 distinguit
436 3311 470 3368 ut
483 3307 552 3368 aliae
572 3311 774 3390 universales,
791 3314 860 3375 aliae
876 3310 1060 3386 nationaleS,

129 3408 199 3468 aliae
223 3401 444 3484 provinciales,
472 3401 541 3460 aliae
570 3402 755 3466 dioecesanae
780 3407 934 3467 dicantur.
969 3401 1064 3461 Plura

129 3501 198 3560 haec
211 3494 369 3558 distinctio
385 3511 448 3553 non
460 3491 601 3573 requirit.

169 3595 221 3658 lV.
246 3593 278 3652 3⁰
291 3589 344 3648 Ec
356 3586 468 3647 diverso
478 3587 588 3668 objecto
604 3591 639 3652 de
649 3612 705 3672 qao
712 3593 766 3674 jus
778 3592 898 3666 dicitur,
907 3589 992 3665 leges
1003 3585 1063 3650 dis·
1186 3667 1189 3672 Ι
