2518 4144
321 371 427 418 merce
449 371 604 416 crocinus
623 371 707 418 suere
728 371 882 420 cmrror.
1028 357 1071 422 11

175 522 207 579 2⁰
222 516 331 589 Ouum
344 522 464 596 partem
483 515 715 596 deceptivum-err,
739 518 842 594 potest
861 516 965 578 offerri
985 533 1068 594 pm·

129 611 261 690 scriptio
279 608 390 689 jejunii
410 609 463 669 die
479 609 638 670 deminico
653 608 734 670 sicut
748 608 799 668 dic
817 607 958 684 sabbato,
982 608 1067 688 quod

129 705 215 783 sepit
226 702 362 764 echieme
368 701 608 781 judaizantium.

171 799 204 858 3ο
218 799 266 858 lte
287 798 319 856 et
341 794 439 875 quoad
455 794 619 868 bettoleno,
642 794 717 855 sotis
735 794 796 856 erit
819 794 896 856 illud
916 794 1064 855 inuuere:

129 890 278 971 probent
296 889 367 950 iste
389 888 625 950 constitutiones
650 888 805 949 lecchum
828 887 974 948 Zebedaei
998 890 1068 948 ten-

130 999 229 1063 quem
243 985 432 1060 presentem
446 980 577 1042 concilio
590 980 866 1058 ierosolymitano,
883 998 978 1059 quem
991 995 1068 1040 con-

129 1080 195 1138 stat
217 1095 256 1136 ex
269 1093 296 1136 c.
323 1076 378 1136 llll
405 1077 474 1135 Aet.
490 1073 558 1154 jem
580 1074 686 1153 gladio
715 1073 847 1134 Herodis
867 1073 1068 1134 interfectum

130 1170 238 1231 fuisse.

172 1263 268 1323 Pione
284 1279 359 1340 ergo
370 1263 558 1338 argumente
569 1259 807 1320 intrinsecohoc
826 1277 904 1338 epus
917 1259 1066 1338 apostolis

130 1354 325 1436 abjudicant.
353 1351 416 1414 Sed
439 1353 535 1414 etiem
558 1359 731 1432 orpunwnto
750 1351 919 1422 commem
937 1351 996 1414 hoc
1020 1352 1067 1414 ie·

130 1449 228 1511 ciunt.

171 1541 334 1602 Accedunt
348 1543 456 1601 Patres
471 1541 494 1616 1,
513 1541 539 1600 ll
555 1533 586 1600 el
600 1541 641 1600 lll
651 1539 768 1615 soeculi,
787 1543 821 1600 ut
833 1539 984 1614 lustinus,
992 1539 1066 1600 lroe-

130 1651 230 1710 neue,
260 1633 455 1712 Gyprionue,
480 1631 707 1708 Tertullianus,
731 1631 901 1711 OrigeneS,
923 1631 1065 1694 Clemens

130 1725 372 1802 Alexandrinus,
389 1729 462 1802 etc,
484 1724 537 1805 qui
560 1725 601 1785 de
615 1725 675 1785 hoc
689 1742 784 1803 opere
802 1727 908 1786 tacent
920 1721 1062 1794 omninu;

129 1821 204 1881 licet
225 1819 422 1880 occasionem
443 1818 611 1879 habuerint
631 1817 708 1878 illud
729 1815 897 1897 allegendi,
927 1819 1065 1878 attamen

130 1931 195 1974 non
210 1913 361 1972 fecerunt.

171 2005 296 2066 Primus
309 2005 391 2065 inter
400 2007 508 2066 Patres
520 2003 572 2084 qui
585 2003 624 2064 de
639 2003 818 2082 hujusmodi
830 2021 925 2080 opere
935 1999 1066 2062 mentio·

130 2116 206 2160 nem
215 2098 343 2175 faciunt,
356 2101 403 2158 eet
413 2096 616 2176 Epiphanius,
626 2095 678 2174 qui
689 2096 747 2155 sub
761 2097 822 2154 dne
833 2093 938 2154 soeculi
953 2096 994 2154 lV
1006 2093 1066 2151 hcc

131 2209 212 2270 opue
225 2191 311 2269 (haer.
324 2190 375 2269 70)
388 2191 473 2266 citet,
486 2207 549 2249 non
565 2192 671 2248 entem
684 2191 835 2265 tanquam
849 2204 928 2263 opus
943 2187 1066 2262 aposto-

130 2285 247 2360 lorum,
255 2283 310 2344 sed
320 2287 471 2362 tanquam
481 2282 522 2342 ed
537 2281 734 2359 disciplinam
745 2277 986 2340 ecclesiasticam
997 2295 1066 2355 per-

131 2377 247 2454 imone,
262 2379 293 2438 et
307 2376 384 2436 nihil
399 2375 519 2436 hebens
530 2393 550 2435 e
561 2374 623 2434 fide
637 2377 670 2436 ct
683 2371 847 2452 discipline
860 2375 934 2433 tunc
948 2369 1067 2451 vigenti

131 2470 282 2531 alienum.
298 2469 388 2532 Unde
400 2468 547 2548 colligere
561 2468 608 2527 sos
622 2471 671 2528 est
688 2467 756 2547 jem
771 2466 866 2528 luisse
881 2483 900 2526 e
917 2467 957 2526 lll
976 2468 1008 2526 el
1025 2465 1066 2526 lV

131 2561 249 2623 soeculo
256 2561 556 2642 hujusmodilihrum
564 2560 771 2639 compositum
779 2558 1063 2639 lonquemprimee,

131 2655 224 2720 utitn
236 2653 348 2732 dicem,
366 2653 574 2716 institutiones
585 2652 665 2734 juris
682 2653 839 2728 cononici,
863 2669 933 2730 quie
954 2667 1066 2728 nempe

131 2747 308 2826 complexio
331 2748 434 2808 forent
455 2747 551 2809 tutius
570 2746 650 2826 juris
672 2743 892 2821 ecclesiastici,
916 2743 1066 2822 illumque

129 2841 228 2902 fuisse
247 2841 351 2902 adhuc
374 2841 530 2919 integrum
556 2843 697 2918 tempore
713 2837 879 2918 Epiphenii
900 2837 971 2916 qui,
994 2836 1067 2898 licet

131 2934 315 3015 hujusmodi
329 2935 445 2996 librum
454 2951 517 2994 non
527 2933 660 2994 retineat
673 2935 824 3012 tanquam
839 2930 1063 3009 apostolorum,

131 3028 249 3090 retinet
260 3031 366 3089 temen
383 3027 535 3107 lnnqriom
551 3025 773 3105 compendium
788 3025 883 3087 totius
903 3023 1067 3085 ecclesius-

132 3122 204 3184 ticee
220 3121 402 3199 discipline.

174 3214 238 3277 Sed
262 3214 375 3274 deinde
395 3213 615 3275 hoereticorum
638 3216 669 3274 et
689 3211 959 3274 schismaticorum
981 3209 1066 3268 iruu-

134 3307 227 3370 dibue
244 3311 428 3386 corruptum
446 3305 519 3381 drit3
536 3305 711 3387 cujusmodi
728 3306 878 3368 indicium
902 3307 949 3366 est
971 3301 1066 3361 ollula

133 3401 175 3462 ob
190 3400 367 3479 Epiphanio
388 3402 458 3464 loco
478 3400 590 3481 quibus
609 3399 659 3461 vel
678 3417 741 3461 nou
758 3397 950 3477 respondent
967 3391 1065 3452 textui

134 3511 230 3575 quem
244 3512 302 3554 noe
312 3513 377 3572 prm
391 3493 537 3556 menibus
551 3483 1066 3570 hebemus‚siquidemloeeol1eto

133 3587 271 3667 emplius
285 3605 348 3648 non
368 3587 526 3666 leguntur,
550 3586 600 3646 vel
621 3585 779 3646 diversum
797 3578 924 3648 omnino
938 3593 1066 3648 murum
