2518 4144
170 665 533 766 INSTlTUllllNliS
567 668 700 769 llllllS
737 669 972 772 ClNllNllll.
1025 811 1028 818 Ι

399 1097 755 1172 PROLEGOMENA.

292 1375 303 1426 s
316 1377 334 1417 1,
348 1385 379 1418 nn
392 1384 497 1418 nomon
509 1385 577 1418 suam
589 1385 731 1420 amum
744 1385 858 1422 mm.

149 1506 174 1567 l.
189 1507 223 1566 ln
233 1524 382 1584 germana
388 1505 469 1586 juris
481 1505 608 1568 notione
618 1506 867 1585 determinanda,
884 1505 924 1570 ab
935 1511 1039 1590 etymo

102 1597 199 1662 vocis
220 1598 323 1659 adrei
345 1599 554 1660 denominata
580 1604 766 1679 conceptum
788 1601 1038 1680 progrediemur.

101 1693 199 1754 Licet
212 1691 295 1751 enim
308 1691 393 1752 aliud
407 1691 447 1753 sit
459 1691 545 1772 loqui
560 1692 599 1752 de
614 1691 807 1755 derivatione
822 1693 927 1774 quoad
944 1694 1041 1757 nomi·

102 1786 157 1846 nis
170 1783 413 1863 impositionem,
428 1783 512 1846 aliud
525 1784 565 1845 de
578 1783 686 1846 ordine
697 1785 802 1865 quoad
813 1785 1039 1865 causalitatem,

104 1879 180 1938 haec
200 1876 262 1938 duo
276 1880 384 1938 tamen
398 1876 480 1938 inter
498 1896 531 1938 sa
546 1895 609 1938 non
626 1895 697 1939 raro
713 1883 906 1958 congruunt;
925 1879 988 1942 imo
1002 1879 1041 1940 si·

105 1988 247 2050 gnarum
270 1969 347 2032 ordo
373 1969 414 2030 ad
435 1987 541 2030 rerum
555 1970 750 2049 signatarum
769 1971 911 2033 ordinem
931 1975 1041 2051 suapte

106 2066 227 2124 natura
235 2062 379 2140 perducit
406 2083 413 2124 :
428 2062 580 2123 «Initium
596 2062 758 2140 doctrina,
779 2063 857 2125 dixit
870 2063 1040 2142 Epictetus,

108 2160 159 2218 est
173 2154 381 2216 consideratio
396 2153 540 2217 nominis.
564 2175 578 2212 r

150 2251 250 2311 Porro
270 2249 355 2311 vocis
365 2247 419 2328 jos
435 2247 532 2310 varia
551 2247 652 2310 solent
664 2246 816 2327 assignari
832 2245 1040 2328 etymologiae.

153 2345 184 2403 1⁰
196 2341 302 2402 Prima
314 2345 371 2420 est,
387 2345 422 2402 ut
436 2341 490 2422 jus
505 2340 628 2402 dicatur
646 2359 665 2402 a
676 2340 765 2422 jussu
780 2359 836 2402 seu
841 2339 972 2422 jubendo
978 2357 993 2419 ;
1012 2345 1045 2404 et

105 2435 143 2495 in
156 2433 217 2495 hoc
231 2453 336 2512 sensu,
351 2453 371 2495 a
384 2433 613 2515 jurisconsultis
625 2434 726 2514 magis
745 2437 883 2514 recepto,
897 2433 974 2496 illud
990 2451 1043 2497 vo

105 2527 260 2588 eubulum
273 2527 358 2588 idem
369 2545 497 2607 prorsus
512 2526 587 2588 dicit
601 2527 824 2606 acimperium,
840 2545 896 2588 seu
907 2527 1040 2608 jussum.

106 2621 212 2682 Juxta
224 2617 304 2682 hano
321 2619 556 2699 etymologiam,
573 2618 641 2680 aliis
658 2619 803 2684 omnibus
819 2623 903 2682 certe
923 2619 1045 2698 planio-

108 2727 197 2787 rem,
211 2709 262 2791 jus
279 2716 324 2774 est
334 2712 368 2773 id
380 2711 466 2793 quod
475 2711 598 2793 jussum
615 2715 672 2789 est,
689 2729 802 2792 nempe
817 2711 875 2774 lec.
899 2713 954 2773 nst
968 2729 1044 2793 ergo

105 2803 145 2866 id
158 2804 243 2883 quod
258 2805 306 2866 vel
317 2805 469 2882 Deus,vel
482 2804 664 2882 natura,vel
674 2804 829 2884 princeps,
838 2803 887 2866 vel
897 2805 1042 2885 populus,

105 2895 165 2958 vel
180 2898 371 2960 consuetudo
384 2897 485 2978 jubet.

151 2994 185 3050 2⁰
197 2991 343 3052 Secunda
353 2990 504 3052 derivatio
515 2993 572 3068 est,
584 2988 688 3071 utjua,
702 2989 783 3054 sicut
794 2987 872 3053 dixit
880 2990 1043 3069 Ulpianus,

104 3103 129 3146 a
154 3082 280 3164 justitio
308 3083 543 3160 denominetur,
568 3083 619 3145 vel
642 3086 793 3164 tanquam
822 3081 980 3165 objectum
1004 3082 1045 3145 ab

102 3177 181 3256 ipso
206 3179 288 3254 actu,
315 3177 372 3254 nti,
402 3195 432 3238 v.
455 3195 500 3256 g.,
521 3175 628 3236 scibile
650 3175 765 3238 dicitur
787 3193 807 3235 a
833 3175 972 3252 scientia,
995 3175 1046 3238 vel

101 3277 265 3348 tanquam
280 3287 331 3330 ars
342 3273 396 3330 aut
415 3267 578 3348 disciplina
593 3286 612 3329 a
625 3286 681 3330 suo
696 3269 769 3329 fine.
786 3269 881 3332 Juxta
898 3269 930 3330 S.
950 3267 1046 3329 Isido-

103 3381 194 3440 rum,
203 3361 256 3443 jus
270 3381 328 3441 per
341 3379 532 3441 syncopans
545 3379 624 3422 voce
631 3360 748 3442 justum
760 3359 941 3422 immediate
956 3360 1046 3419 effor-

103 3459 263 3518 manetur.

150 3548 279 3611 lustum
297 3565 372 3611 vero
389 3545 554 3627 dupliciter
568 3545 741 3630 accipitur:
757 3549 787 3609 1⁰
801 3537 987 3626 generatim,
1002 3539 1048 3612 ita

188 3667 253 3710 rou.
274 3669 292 3712 r.
930 3645 942 3704 l
976 3685 980 3691 ·
