2540 4132
333 315 441 366 merce
460 317 614 367 erremus
634 319 718 368 murs
739 320 895 374 cescum.
1020 313 1079 378 m

144 490 261 552 nempe
272 471 426 552 principie
440 471 495 534 illa
512 491 583 553 que
595 473 630 536 in
645 474 804 538 veteribus
823 476 995 542 canonibus
1007 481 1079 544 ten·

147 584 245 648 quem
258 565 291 626 in
299 565 417 627 semine
431 565 552 628 inclusa
559 567 809 646 reperiebantur,
821 587 879 648 per
888 571 1077 638 recenb'ores

147 658 385 722 constitutiones
399 658 526 721 evolute
538 662 570 722 et
582 659 741 739 applicate
753 663 837 724 sant.

185 754 217 814 3·
237 751 313 831 Req.
344 751 414 812 Sint
441 768 579 814 canones
604 753 773 816 conformis
793 753 1073 834 interpretationis,

143 862 260 924 nempe
279 844 331 924 qui
350 847 524 906 consonent
545 862 618 906 cum
639 845 709 925 legs
734 864 806 925 que
825 845 1076 925 interpretationi

143 935 319 1017 subjicitur.
334 936 366 998 si
379 936 463 996 enim
472 935 516 996 illi
531 935 648 1000 inerim
661 937 809 1000 contrarii
825 941 858 1000 et
871 937 1000 1001 omnino
1015 940 1077 1002 dis-

141 1029 223 1106 soni,
237 1032 304 1090 tam
317 1027 442 1090 difficile
450 1031 498 1090 est
507 1032 542 1090 ut
555 1029 682 1092 valeant
694 1029 824 1092 ulterius
838 1047 966 1092 eorsum
978 1031 1077 1112 expli·

143 1139 219 1276 gire
231 1125 268 1183 ut
279 1121 383 1201 potius
394 1120 610 1184 demonstrent
623 1121 664 1184 eb
683 1139 722 1183 ea
734 1121 899 1202 disciplina
914 1140 1076 1186 recessum

190 1232 250 1276 sse.

242 1361 269 1400 ll.
278 1359 310 1400 m
322 1357 428 1410 melem
440 1359 513 1400 rtrtltr
522 1359 544 1402 tn
552 1359 981 1411 rmmmtntsrmtatm.

182 1479 235 1540 IX.
262 1479 329 1538 Duo
352 1476 385 1536 in
403 1476 464 1538 hac
480 1495 514 1537 re
529 1481 601 1539 sunt
618 1477 747 1540 vitanda
762 1479 914 1554 extrema,
940 1477 1075 1542 alterum

143 1585 253 1632 eorum
266 1587 379 1648 nempe
394 1569 448 1649 qui
462 1571 549 1632 tanto
563 1569 729 1632 lauatismo
743 1569 842 1632 civilis
858 1569 939 1650 juris
953 1569 1074 1650 abrepti

144 1666 217 1725 sunt
228 1665 264 1724 ut
277 1661 329 1722 vix
338 1665 394 1723 aut
402 1679 442 1722 ne
456 1662 508 1722 vix
518 1662 646 1742 quidem
659 1661 778 1742 aliquid
791 1662 951 1741 reperient
963 1661 1075 1742 injure

142 1754 304 1831 cononice,
322 1754 407 1834 quod
434 1772 454 1816 a
475 1754 547 1834 jure
571 1771 703 1816 romano
730 1753 907 1818 derivatum
929 1771 992 1818 non
1010 1753 1072 1828 sit;

141 1848 276 1910 alterum
300 1864 410 1908 eorum
437 1846 491 1926 qui
509 1847 606 1907 telem
639 1845 801 1908 divisionis
823 1847 977 1926 parietem
999 1863 1075 1908 con-

141 1942 266 2002 struunt
279 1939 360 2000 inter
373 1957 471 1999 unum
485 1942 518 2000 et
527 1939 661 2000 alterum
672 1939 736 2018 jus,
752 1942 788 2002 ut
800 1939 888 2000 nefas
900 1938 942 2001 sit
955 1938 995 2000 de
1010 1955 1073 2000 uno

141 2032 184 2094 nd
198 2031 332 2092 alterum
342 2031 563 2110 explicandum
574 2048 759 2109 provocare.

181 2127 207 2184 N
210 2142 262 2184 am
272 2124 298 2184 si
308 2126 360 2184 le¹¹¹
368 2127 546 2185 teneremus
560 2122 758 2198 sententiam,
768 2121 948 2184 videremur
956 2136 1073 2212 negare

140 2215 289 2278 Ecclesiae
316 2216 462 2296 quedem
487 2215 642 2294 principis
666 2213 792 2276 sibimet
810 2212 950 2293 propria,
979 2229 1075 2291 super

141 2327 213 2390 quae
244 2307 386 2369 fundavit
403 2308 632 2388 legislationem
665 2325 773 2384 suam,
797 2305 922 2384 eliequo
943 2303 987 2366 illi
1011 2321 1071 2366 non

140 2399 315 2464 concedere
335 2400 489 2480 principie
509 2401 651 2480 nisique
673 2419 693 2460 a
711 2416 842 2462 romano
858 2395 931 2478 jure
948 2399 1074 2461 mutua·

139 2494 195 2556 vit.
213 2493 276 2556 Sed
292 2493 433 2554 Ecclesia
452 2493 581 2572 propria
599 2491 710 2554 hebuit
731 2489 885 2571 principia
899 2493 931 2552 et
944 2487 1072 2570 quidem

139 2587 239 2648 multo
255 2585 410 2648 nobiliore
423 2604 489 2665 pree
496 2585 569 2666 jure
579 2583 675 2661 civili,
691 2601 804 2663 nempe
822 2583 930 2644 lumen
948 2580 1072 2642 revela-

139 2679 244 2744 tionis.

179 2772 212 2835 Si
227 2789 302 2833 vero
316 2771 448 2832 alteram
462 2787 667 2850 sequeremur
680 2767 877 2844 sententiam,
891 2763 1072 2828 videremur

138 2882 256 2945 negare
279 2864 458 2943 analogiam
482 2863 568 2924 illem
590 2881 661 2944 qum
683 2859 850 2924 intercedit
868 2857 951 2921 inter
973 2874 1072 2924 unum

138 2960 171 3021 et
184 2957 319 3018 alterum
330 2957 383 3037 jus
398 2957 482 3036 quod
492 2959 660 3035 utrumque
679 2954 720 3016 eb
730 2971 793 3015 uno
808 2951 983 3031 eodemque
998 2967 1072 3012 auc·

136 3053 205 3112 tore
236 3049 391 3113 inultime
416 3049 537 3127 enalysi
555 3047 727 3128 procedere
764 3043 977 3110 confitendum
1011 3046 1069 3118 est,

141 3142 288 3222 quodque
310 3141 343 3203 in
362 3160 461 3203 unum
483 3141 630 3221 idemque
652 3140 771 3203 bonum
789 3136 918 3200 humani
942 3134 1071 3216 generis

138 3234 313 3297 ordinetur.
341 3234 528 3297 videremur
551 3233 679 3312 insuper
714 3231 880 3294 admittere
908 3225 1069 3309 quoddam

135 3325 254 3388 bellum
268 3327 356 3389 velut
369 3346 408 3388 ex
419 3327 589 3406 systemate
602 3325 685 3387 inter
694 3323 937 3386 ecclesiasticam
948 3320 980 3378 et
992 3313 1071 3376 civi-

135 3417 200 3480 lem
214 3420 445 3498 anctoritatem,
459 3419 542 3484 inter
555 3418 739 3482 eanonicam
747 3420 779 3480 et
786 3413 909 3480 civilem
913 3407 1071 3490 jurispru-

140 3510 291 3576 dentiam.
