2502 4130
350 339 389 420 nr
409 372 539 420 11111111
559 373 642 421 sums
663 371 818 420 1111111111.
991 363 1050 426 183

161 521 213 582 vl.
237 519 419 580 Mansurunt
435 519 541 579 autem
562 517 677 580 Grmcis
695 517 815 597 antiqui
839 513 917 578 rilus
936 519 1051 599 quihus

119 612 299 674 utebantur.
317 610 380 672 Sed
392 610 486 672 ctiam
500 611 585 689 apud
599 629 663 688 eos,
680 611 754 672 licct
767 627 830 672 non
849 610 932 672 adsit
946 611 1052 692 aliqua

118 707 169 766 lex
180 703 325 783 specialis
340 721 411 782 quas
426 703 543 782 obliget
558 703 687 766 clericos
701 704 734 764 in
749 703 846 766 sacris
866 703 1051 780 constitutos

118 799 161 860 ad
183 796 322 859 officium
342 795 483 856 divinum
504 796 756 874 persolvendum,
773 801 891 872 11111111,
907 800 942 858 ut
956 795 1052 860 habet

116 889 307 954 Benedictus
321 891 402 965 XIV,
417 889 637 952 constitutione
657 890 707 951 Eo
722 889 865 971 quomod,
886 895 1051 954 consuetu·

117 985 192 1045 dine
208 982 352 1044 inolitum
366 985 414 1044 cst
427 985 462 1044 ul
472 983 647 1044 secundum
661 983 805 1062 proprios
822 983 911 1062 ritus,
929 989 997 1046 tum
1019 985 1050 1045 in

117 1075 258 1138 eeclesiis
273 1075 506 1154 parochialibus
517 1076 568 1137 vel
580 1075 851 1152 conventualibus,
879 1076 900 1136 ii
922 1078 975 1157 qui
995 1078 1051 1139 be-

116 1169 266 1230 neficium
280 1169 434 1245 obtinent,
449 1168 597 1247 privatim
617 1169 729 1230 saltem
752 1169 890 1230 officium
910 1169 1051 1232 divinum

116 1261 310 1340 persolvant.
328 1263 389 1322 Pro
413 1261 529 1322 Graecis
550 1261 636 1323 Italis
649 1277 724 1324 vero
741 1259 794 1340 qui
814 1261 844 1320 in
865 1263 1009 1324 Calabria
1020 1267 1052 1326 ct

118 1353 227 1416 Sicilia
240 1357 474 1416 commorantur
486 1354 575 1416 adest
599 1371 781 1432 expressum
800 1355 960 1418 Benedicti
980 1359 1050 1420 XIV

115 1450 311 1526 praeceptum
326 1446 557 1527 (constitutione
573 1446 644 1506 Etsi
652 1447 823 1527 pectoralis)
842 1450 877 1509 ut
891 1449 995 1511 clerici
1016 1450 1049 1510 in

115 1540 216 1602 sacris
227 1539 385 1602 constituti
398 1531 535 1600 officium
545 1538 636 1618 juxta
651 1559 724 1602 suos
738 1540 816 1602 ritus
829 1541 968 1620 quotidie
977 1561 1050 1623 per-

115 1633 251 1695 solvant.

368 1739 422 1791 §¹¹-
438 1749 470 1781 rr
483 1749 606 1782 camur
620 1748 800 1784 rmummrcc.

158 1845 224 1907 Vll.
250 1845 372 1904 Statum
398 1844 558 1906 caelibatus
582 1843 804 1906 matrimoniali
830 1847 1050 1924 perfectiorem

117 1956 186 1998 csse
202 1939 290 1998 extra
304 1937 555 2016 controversiam:
570 1940 617 1998 est
642 1936 856 2014 constitutum,
877 1957 914 1998 ex
928 1940 1025 2000 Paulo
1040 1985 1048 2015 ,

115 2047 127 2092 1
144 2031 229 2106 Cor,
245 2045 300 2091 vu.
313 2032 412 2091 Porro
423 2033 522 2091 status
533 2028 684 2089 clericalis
698 2031 744 2089 est
757 2031 855 2089 status
869 2029 974 2091 divino
987 2051 1051 2092 ser·

115 2123 194 2185 vilic
209 2123 417 2201 mancipatus,
431 2122 545 2183 divinis
555 2121 698 2182 addictus
712 2121 884 2199 mysteriis3
898 2141 973 2200 ergo
987 2141 1051 2183 non

113 2217 220 2297 potuit
249 2215 395 2277 Ecclesiae
426 2213 591 2294 disciplina
616 2233 680 2276 non
702 2213 810 2274 videre
837 2231 992 2274 summam
1020 2218 1052 2276 ct

90 2323 95 2332 ·
113 2309 289 2370 maximam
303 2307 488 2370 relationem
502 2309 584 2370 inter
598 2309 715 2370 statum
729 2306 906 2368 clericalem
921 2307 1051 2368 1111111-

112 2403 239 2478 hatum,
250 2419 308 2461 nec
321 2401 423 2479 potuit
435 2420 497 2462 non
508 2419 622 2480 urgere
633 2403 667 2461 ut
677 2403 793 2480 quanto
809 2399 902 2462 altior
913 2403 944 2462 et
956 2400 1050 2462 subli-

101 2493 200 2567 mior
218 2497 265 2554 est
283 2493 401 2554 ordinis
422 2493 556 2574 graduS,
581 2511 643 2572 quo
665 2492 766 2572 magis
788 2492 893 2556 divino
923 2495 1049 2556 servitio

114 2585 274 2662 addictur,
294 2605 356 2665 quo
372 2586 545 2666 proximior
557 2585 670 2647 divinis
684 2585 852 2664 mysteriis,
870 2603 907 2647 eo
918 2587 1019 2666 magis
1032 2607 1052 2648 a

13 2727 16 2734 ,
112 2679 319 2742 matrimonio
332 2681 372 2742 sit
381 2679 512 2740 alienus.

158 2773 220 2834 Sed
235 2773 303 2836 hacc
314 2771 683 2855 prohibiticmatrimonii
696 2770 816 2832 clericis
829 2771 912 2834 facta
921 2769 1050 2851 duplici·

112 2869 167 2928 ter
179 2869 282 2944 potest
305 2866 497 2928 considerari
515 2867 589 2926 :vel
613 2866 644 2925 in
669 2865 777 2926 ordine
803 2865 844 2925 ad
864 2866 1051 2927 contrahen-

113 2959 195 3020 dum
206 2959 451 3036 matrimonium,
461 2959 511 3020 vel
526 2957 558 3018 in
572 2957 682 3020 ordine
696 2958 736 3019 ad
752 2976 845 3019 usum
858 2959 1050 3021 matrimonii

68 3127 72 3132 ‚
110 3051 183 3132 jam
205 3053 376 3126 contracti;
395 3055 426 3114 et
445 3071 517 3113 cum
539 3051 597 3112 sub
619 3055 752 3132 utroque
767 3058 912 3134 respectu
939 3053 1051 3112 eadc'm

114 3163 181 3206 non
196 3145 290 3207 fuerit
304 3145 468 3224 disciplina
478 3144 635 3223 llcclesiae,
649 3145 818 3224 separatim
831 3163 900 3206 rem
910 3143 1050 3206 conside·

114 3235 269 3299 rabimus

178 3373 195 3418 1.
211 3374 239 3411 ne
248 3373 344 3412 raellhatu
355 3372 498 3414 eccleshulro
507 3371 527 3412 lu
537 3371 610 3414 ordluc
617 3371 643 3410 ad
653 3373 819 3414 contrahendum
828 3367 991 3412 matrimonium.

159 3476 747 3558 1111.111111111111111111111111
762 3476 794 3538 11
800 3471 948 3552 majoros,
960 3489 1051 3550 repe-

26 3589 28 3594 ’
116 3570 218 3638 rimus
244 3571 398 3638 universae
422 3570 571 3636 selena
592 3571 696 3648 legem
720 3563 946 3633 cousuetudine
969 3565 1050 3630 torte
