2502 4130
320 343 359 388 on
381 339 508 388 cornero
530 341 613 388 soors
635 341 791 388 annontui.
969 335 1025 394 tre

78 489 208 552 suntin
222 491 338 550 matres
360 492 392 549 et
410 504 533 548 sorores
548 503 727 565 conversas,
754 507 889 568 querum
910 490 970 553 illae
985 494 1027 554 ad

78 582 195 645 officia
204 580 291 644 chori
305 580 462 660 deputate
473 584 556 657 sunt,
566 581 634 641 istae
649 598 724 642 vero
735 581 776 642 ad
787 581 954 645 humiliora
964 603 1027 646 ser·

77 675 176 738 vitia.

126 775 160 830 4⁰
182 768 270 830 Sicut
284 770 315 828 ct
326 767 501 844 clericatus,
521 767 576 845 ita,
596 785 658 829 non
675 786 750 830 vero
766 767 917 832 instricta
932 789 1027 832 sensu

79 865 231 942 accepta,
252 860 427 940 jurisdictio
450 860 661 922 ecclesiastica
682 863 815 924 accessit
837 863 1029 924 feminarum

78 953 288 1018 monasteriis
312 974 319 1015 ε
345 957 376 1014 l⁰
394 953 562 1015 abbatisse
583 954 789 1016 considerate
808 955 935 1018 suerunt
958 960 1029 1018 tan-

79 1065 186 1130 quam
205 1052 322 1108 matres
349 1045 475 1108 familiae
503 1046 672 1126 regularis,
700 1066 861 1128 nunquam
876 1053 1029 1130 tanquam

78 1160 172 1204 verae
210 1138 466 1220 gubernatrices;
494 1143 525 1201 2⁰
555 1158 594 1200 ex
618 1139 679 1201 hac
705 1157 740 1200 re
774 1140 892 1203 lactum
920 1148 968 1204 est
995 1147 1030 1205 ut

80 1253 151 1298 non
173 1251 211 1294 ea
230 1232 427 1312 exemptione
450 1232 589 1311 gaudere
616 1231 776 1311 potuerint
803 1251 866 1312 qua
888 1235 1028 1297 virorum
1077 1309 1080 1316 Ι
1119 1235 1121 1240 ’

81 1327 247 1391 consortia
261 1325 369 1388 doun
385 1328 473 1399 sunt;
494 1343 565 1385 cum
581 1325 748 1386 sufficienti
763 1327 950 1390 auctoritate
965 1346 1028 1390 non

79 1422 320 1482 instruerentur
343 1417 550 1494 intrinsecus,
572 1418 711 1496 oportuit
733 1422 768 1480 ut
789 1419 828 1480 ab
852 1421 1028 1483 extrinseco

82 1513 224 1576 validior
238 1511 405 1573 accederet
418 1510 626 1589 gubernativa
637 1510 778 1573 directio.
793 1513 857 1573 Nec
869 1513 1028 1575 ordinarie

82 1607 134 1668 sie
148 1605 329 1666 immediate
349 1606 491 1664 Romano
504 1604 539 1664 P.
562 1607 638 1665 sunt
656 1605 826 1666 constricta
839 1611 874 1666 ut
886 1605 946 1668 hac
964 1625 1028 1668 ser·

83 1703 163 1761 vcta
188 1697 410 1760 constrictione
432 1695 471 1756 de
492 1700 606 1758 caetero
623 1714 681 1775 per
699 1716 733 1759 se
750 1697 819 1777 regi
832 1697 1024 1762 viderentur.

83 1793 180 1858 Unde
192 1791 243 1852 vel
257 1791 390 1852 subsunt
406 1789 533 1850 omnino
551 1789 718 1851 ordinariae
732 1791 869 1870 episcopi
878 1791 1028 1872 jurisdic-

78 1885 174 1963 tioni,
188 1885 239 1946 vel
250 1882 463 1964 superioribus
473 1882 669 1962 regularibus
679 1882 727 1943 sui
739 1883 868 1961 ordinis,
883 1903 946 1946 non
959 1886 1027 1948 sine

82 1979 228 2060 episcopi
252 1978 441 2054 interventu,
453 2010 494 2021 -
507 1975 556 2036 vel
578 1975 706 2037 tandem
730 1975 756 2035 si
776 1979 865 2036 extra
883 1977 1028 2038 ordinem

82 2071 270 2133 immediate
280 2073 421 2132 Romano
433 2069 575 2131 Pontifici
587 2069 807 2144 subderentur,
825 2072 899 2130 tunc
907 2069 1028 2149 episco-

82 2184 148 2246 pus
163 2165 306 2244 delegato
322 2163 448 2226 nomine
468 2162 499 2223 in
516 2161 554 2223 iis
568 2165 697 2242 praestat
713 2161 783 2241 plus
797 2161 901 2223 miuus
921 2161 1028 2224 omnia

85 2276 127 2319 ea
142 2275 212 2338 quae
227 2275 316 2318 secus
331 2258 496 2335 praestaret
506 2253 633 2314 nomine
648 2272 716 2316 sno.

128 2355 162 2413 5⁰
183 2349 374 2430 Aggrcgatio
389 2347 527 2426 plurium
539 2348 803 2408 monasteriorum
818 2347 960 2408 inunum
975 2365 1027 2410 or·

86 2445 198 2508 dinem
219 2442 277 2504 suh
298 2459 361 2502 una
382 2439 561 2501 obedientia
585 2441 735 2518 generali,
752 2440 876 2520 quando
896 2439 1028 2502 invaluit

87 2538 176 2619 apud
185 2533 730 2613 virorumregulariuminstitute,ad
738 2533 1028 2612 feminasperducta

86 2633 234 2707 nonest,
259 2627 324 2690 sive
351 2625 425 2706 quia
448 2629 545 2686 tantae
574 2625 764 2687 sustinendae
793 2627 1027 2706 aggregationis

85 2725 193 2804 impar
216 2720 349 2782 imbellis
369 2737 461 2780 sexus
482 2718 659 2795 videbatur,
678 2718 743 2780 sive
766 2717 840 2798 quia
861 2718 926 2780 vita
947 2736 1026 2796 pure

86 2813 336 2893 contemplativa
367 2830 462 2892 quam
496 2811 637 2898 instituta
668 2811 856 2874 feminarum
882 2811 1028 2891 amplexa

87 2913 173 2986 sunt,
186 2905 366 2988 hujusmodi
383 2904 641 2984 aggregationem
664 2904 807 2966 inutilem
826 2905 984 2968 redderet.

129 2999 261 3064 Accedit
284 3003 315 3060 et
336 2999 488 3058 clausurae
518 2997 587 3075 lex,
616 3017 686 3076 quae
716 2997 781 3059 sive
805 3017 862 3077 pro
885 2998 1027 3062 custodia

87 3094 252 3170 castitatis,
269 3091 334 3154 sive
349 3109 406 3170 pro
425 3089 560 3152 vitandis
575 3089 679 3151 saeculi
696 3091 945 3171 evagationibus„
958 3109 1026 3170 spe-

88 3188 160 3250 ciali
182 3186 277 3249 modo
301 3185 333 3245 in
354 3183 498 3245 femineis
521 3182 652 3245 institut'
692 3185 849 3245 servanda
878 3183 1022 3245 habetur.

87 3285 232 3360 Namque
251 3279 408 3355 clausura,
427 3277 459 3336 in
482 3283 635 3355 quantum
659 3277 829 3356 prohibens
848 3277 1027 3356 ingressum

86 3390 295 3456 personarum
306 3371 552 3447 alterius'sexus‚
572 3369 603 3430 in
618 3369 816 3432 monasteriis
835 3369 1027 3449 regularium

86 3468 146 3530 fuit
165 3486 216 3528 res
239 3463 451 3527 connaturalis
479 3463 635 3542 religiosis
653 3462 812 3524 institutis.
836 3461 899 3523 Sed
919 3461 1027 3542 prouti

87 3562 156 3626 haec
174 3561 226 3621 lex
245 3577 308 3620 non
329 3557 522 3638 impediebat
542 3556 710 3636 quominus
729 3571 872 3634 personae
884 3553 1026 3636 ejusdem
