2540 4132
330 366 439 414 toarci
461 365 614 412 sraomrrs
635 367 718 413 rums
740 367 894 415 cenorum.
1023 355 1080 417 lla

148 516 224 574 sunt
252 511 292 572 ad
317 511 512 572 voluntatem
540 509 728 589 legislatoris
756 511 1025 576 determinandam
1050 515 1081 574 in

148 605 280 684 singulis
292 603 372 684 juris
388 603 654 681 dispositionibus.

192 697 255 782 Sed
278 697 373 757 etiam
394 699 497 774 potest
520 696 663 756 accidere
686 699 720 757 ut
739 697 844 774 plures
867 697 1083 777 dispositiones

147 793 257 870 legum
284 790 366 850 inter
392 808 425 848 se
447 807 589 867 pugnare
609 789 799 851 videantur:
816 791 941 869 regulas
965 793 1005 852 ad
1029 811 1084 854 vo-

148 885 305 944 luntatem
325 882 513 960 legislatoris
536 882 763 942 desumendam
780 883 810 942 in
831 883 879 943 his
896 885 1035 962 casibus,
1052 885 1082 944 in

150 981 211 1038 art.
230 995 296 1054 seq.
313 975 484 1036 trademus.

429 1133 608 1183 ARTICULUS
631 1133 807 1186 SECUNDUS.

213 1261 246 1299 DE
262 1257 375 1298 neonus
392 1258 428 1296 Ao
445 1258 621 1297 VOLUNTATEll
639 1261 826 1300 LFlGlSLATORlS
844 1261 1022 1302 DESUUENDA!

291 1335 319 1372 IN
332 1334 451 1373 PLUlllUll
466 1335 676 1375 olscnnrnnrlffll
690 1337 780 1376 Lucull
794 1337 948 1376 conruere.

193 1443 230 1501 X.
250 1442 303 1498 1⁰¹³
322 1437 436 1498 Theor.
459 1435 595 1498 Voluntas
621 1439 795 1518 leptolotort'r
820 1453 951 1502 rontano
968 1461 1085 1522 procu·

151 1533 246 1592 mitur
259 1541 288 1590 et
297 1539 451 1611 perpetuo.

194 1624 283 1686 Ratio
300 1625 346 1682 est
361 1623 435 1702 quia
451 1621 476 1682 si
492 1641 585 1684 nemo
605 1626 805 1702 praesumitur
822 1631 959 1688 mutasse
974 1629 1085 1690 volun-

153 1723 261 1794 tatem,
274 1716 332 1775 nisi
347 1715 538 1776 contrarium
554 1721 685 1796 constet,
697 1719 796 1780 multo
809 1719 912 1781 minus
925 1719 1086 1800 legislator

153 1813 185 1872 in
203 1813 273 1889 lege
293 1809 472 1886 condenda,
489 1809 644 1887 siquidem
660 1813 834 1874 constantia
849 1817 880 1874 et
893 1813 1085 1893 perpetuitas

152 1905 260 1983 legum
274 1901 459 1962 attributum
475 1905 531 1962 est.
549 1902 638 1962 Unde
652 1903 712 1964 hoc
727 1905 945 1967 corollarium:

195 1998 277 2074 Ergo
292 1994 323 2054 in
337 2011 491 2054 concursu
506 1993 644 2072 plurium
663 1996 832 2073 legumve]
847 1997 1086 2076 dispositionum

156 2107 228 2170 quae
248 2087 413 2148 contrariae
433 2087 590 2162 videntur,
613 2087 790 2166 interpretis
811 2089 948 2148 officium
967 2093 1014 2149 est
1033 2107 1087 2148 eas

154 2180 323 2244 conciliare
347 2182 500 2258 quantum
524 2179 649 2257 poterit,
666 2180 772 2259 sicque
797 2181 958 2260 utriusque
980 2181 1087 2241 obser-

155 2273 296 2336 vantiam
310 2271 401 2332 tueri.
419 2272 509 2333 Unde
525 2273 635 2350 regula
653 2271 684 2332 in
700 2272 771 2352 jure
787 2275 913 2351 recepta
927 2277 987 2350 est,
1003 2273 1087 2354 quod

154 2369 180 2428 si
198 2368 268 2427 duae
285 2365 450 2426 contrariae
469 2365 689 2443 dispositiones
705 2369 908 2444 concurrant,
923 2367 1022 2428 altera
1035 2385 1087 2446 ge-

154 2459 283 2536 nereus,
300 2457 399 2518 altera
419 2457 573 2536 specialis
592 2458 781 2519 sustineatur
802 2477 927 2538 semper
945 2459 1087 2538 specialis

48 2549 53 2558 '
156 2557 268 2614 contra
288 2551 485 2629 generalem,
506 2569 568 2610 non
591 2555 695 2612 autem
716 2551 871 2629 generalis
892 2557 1001 2613 contra
1020 2571 1087 2630 spe-

136 2657 138 2660 ⁴
157 2647 287 2708 cialem..

204 2739 261 2798 llic
286 2737 460 2799 notandum
488 2736 642 2817 estquod
671 2735 755 2816 apud
777 2735 975 2818 jurisperitos
1000 2755 1089 2819 penus

156 2831 346 2912 appellatur,
365 2829 450 2908 quod
469 2829 611 2908 pluribus
632 2849 798 2890 commune
821 2834 881 2909 est,
898 2851 928 2894 v.
945 2851 976 2912 g.
993 2833 1090 2894 bene-

156 2925 264 2986 ficium
278 2941 378 3002 genus
396 2926 459 3000 est,
477 2921 679 2983 canonicatus
693 2923 823 3001 species.
841 2924 966 3003 Species
984 2930 1089 2987 autem

157 3019 275 3080 dicitur
298 3015 452 3096 quidquid
474 3016 506 3074 in
529 3015 762 3094 comparatione
785 3016 884 3094 illius,
905 3037 1017 3098 nempe
1038 3037 1090 3097 ge-

157 3111 258 3187 neris,
277 3110 381 3169 minus
405 3127 571 3169 commune
596 3113 656 3184 est,
674 3109 724 3170 vel
746 3111 903 3171 nonnullis
925 3113 1088 3191 competit,

158 3205 209 3266 vel
230 3207 354 3264 tantum
373 3202 465 3262 unico
486 3201 658 3262 individuo.
672 3203 777 3280 Unde,
792 3223 822 3264 v.
835 3223 879 3283 g.,
893 3223 954 3266 non
972 3209 1091 3266 tantum

158 3297 364 3358 canonicatus
389 3295 441 3374 qui
466 3298 538 3355 sunt
566 3294 686 3373 species
714 3313 790 3375 erga
810 3297 1014 3371 heneficium,
1037 3293 1093 3354 sed

161 3391 256 3454 etiam
271 3389 332 3450 hoo
343 3387 542 3464 beneficium,
555 3387 606 3448 hic
619 3389 820 3450 canonicatus
834 3389 947 3449 dicitur
960 3385 1089 3465 species.

200 3486 267 3544 Hoc
282 3483 402 3561 posito,
418 3481 584 3560 supponite
600 3482 685 3560 quod
699 3485 888 3542 concurrant
902 3481 972 3538 duae
988 3477 1093 3556 dispo-

160 3576 290 3640 sitiones
301 3575 477 3655 contrariae,
490 3575 546 3638 sed
556 3593 620 3634 una
630 3574 669 3634 de
679 3593 805 3654 genere,
819 3571 966 3634 alterode
977 3571 1092 3650 specie.
