2518 4144
469 417 698 466 successurus.
1029 405 1049 466 't
1157 441 1164 456 .

109 559 254 641 quodam
281 560 376 621 modo
391 563 483 639 peter
504 561 631 622 habitus
651 559 758 637 tuerit,
786 563 951 624 Gratianus
973 581 1049 625 vero

107 651 360 714 canonistarum.
381 653 461 714 Hinc
482 653 621 733 theologi
637 672 657 715 a
675 653 845 715 canonistis
859 654 949 715 divisi
963 659 1046 716 sunt.

108 744 283 822 'theologis
312 745 462 807 remansit
489 749 524 807 ut
551 745 623 806 fidei
656 746 807 808 veritates
836 746 987 809 donarant
1012 765 1048 809 ac

109 840 296 913 tuerentur,
325 837 537 918 tentatosque
561 839 696 900 morales
723 839 923 901 conscientiis
949 839 1050 918 appli-

110 932 225 992 carent
249 929 407 1003 fidelium3
431 931 600 992 canonistis
624 949 700 993 vero
726 932 871 993 relictum
887 937 935 994 est
962 931 1049 993 utin

110 1021 262 1084 Ecclesiae
284 1021 543 1100 institutionibus,
559 1023 733 1085 canonibus
743 1023 937 1103 relegendis,
956 1023 1050 1086 inter-

111 1115 275 1195 pretandis
289 1113 549 1195 vindicandisque
564 1135 599 1176 se
610 1119 802 1178 exercerent.

154 1210 202 1269 Ita
217 1225 292 1286 ergo
304 1208 434 1269 scientia
449 1209 602 1296 canonice
614 1227 678 1270 non
692 1209 827 1288 amplius
839 1213 982 1288 spectata
1001 1211 1049 1272 est

114 1301 162 1362 uti
180 1319 253 1379 pars
268 1301 435 1380 theologia
454 1301 521 1362 sive
541 1301 739 1382 dogmatica,
754 1301 819 1362 sive
837 1302 975 1378 moralis,
992 1301 1048 1364 sed

113 1394 212 1455 veluti
228 1393 393 1472 disciplina
405 1395 583 1474 singularis,
600 1395 745 1474 praebens
766 1395 880 1475 agendi
902 1411 1048 1456 normam

110 1487 203 1568 juxta
218 1505 313 1566 quam
331 1487 501 1548 moralistae
525 1487 642 1548 debent
660 1487 867 1550 conscientias
890 1487 1044 1566 dirigere,

112 1578 321 1659 proponendo
349 1579 575 1656 ecclesiasticas
609 1581 710 1676 leffe,
738 1579 852 1660 quibus
888 1579 1048 1658 obtempe-

112 1672 223 1734 randis
235 1689 344 1733 omnes
357 1671 474 1734 subditi
488 1673 583 1735 etiam
598 1673 630 1732 in
642 1673 711 1734 ioro
725 1672 924 1734 conscientiae
937 1675 1048 1733 tenen-

112 1769 176 1828 tur.
188 1765 278 1827 Unde
283 1764 404 1846 juristae
416 1765 770 1842 externum,moralistae
779 1765 937 1827 internum
945 1764 1047 1826 iorum

113 1860 308 1936 spectarunt.

155 1952 222 2010 Hac
242 1949 325 2012 facta
346 1949 499 2012 divisione
512 1951 677 2031 theologos
700 1951 782 2013 inter
803 1955 835 2012 et
857 1948 1046 2026 moralistaa

115 2061 189 2104 cum
202 2042 370 2103 canonistis
393 2043 483 2104 facile
498 2044 719 2106 consociantur
738 2043 819 2123 juris
834 2042 934 2104 civilis
956 2039 1047 2120 periti

115 2154 155 2196 ex
182 2135 316 2212 ipsamet
342 2135 544 2196 scientiarum
581 2135 736 2214 analogia.
765 2135 849 2196 Juris
877 2133 978 2193 civilis
1002 2135 1049 2193 est

113 2226 256 2308 positivis
270 2227 391 2308 legibus
406 2227 564 2290 societatis
574 2226 673 2289 civilis
682 2227 756 2307 jura
771 2229 803 2286 et
817 2225 921 2286 officia
933 2223 1049 2284 civium

114 2319 336 2396 determinare,
355 2320 623 2400 quemadmodum
642 2319 723 2401 juris
745 2317 887 2380 canonici
903 2321 951 2380 est
965 2316 1048 2396 posi·

112 2413 187 2476 tivis
208 2411 354 2473 Ecclesia
378 2414 511 2493 legibus,
531 2413 606 2494 jura
627 2417 659 2474 et
673 2412 777 2473 officia
805 2411 1048 2473 christianorum

114 2505 336 2567 determinare.
352 2507 399 2567 Ita
419 2505 577 2586 conjuncti
595 2508 669 2567 sunt
682 2503 852 2566 canonista
877 2521 949 2564 cum
967 2501 1048 2582 juris

113 2597 215 2659 civilis
229 2597 349 2676 peritis,
365 2602 398 2660 et
411 2599 569 2660 cathedra
590 2597 754 2680 utriusque
770 2596 909 2657 scientiar
928 2595 960 2655 in
980 2595 1049 2655 uni·

112 2689 315 2752 versitatibus
331 2691 481 2753 instituta
498 2695 580 2753 sunt.

112 2855 116 2863 Ι
154 2785 187 2844 3⁰
206 2783 308 2844 AEtate
334 2787 442 2846 nostra
461 2801 550 2846 novae
577 2782 825 2845 modificationes
847 2782 938 2842 factae
962 2784 1045 2842 sunt.

112 2877 265 2938 Curatum
289 2879 336 2936 est
345 2875 399 2956 jus
421 2877 609 2938 canonicum
623 2895 642 2936 a
660 2874 821 2954 theologia
832 2873 900 2954 jam
913 2872 1048 2934 divisum

111 2968 147 3029 in
162 2987 195 3028 se
210 2967 324 3041 iterum
338 2969 493 3031 scindere.
514 2972 594 3030 Nem
618 2969 701 3029 circa
725 2967 926 3028 medietatem
950 2965 1047 3044 elapsi

111 3060 219 3122 saeculi
252 3061 376 3139 prolata
406 3065 453 3124 est
482 3062 653 3124 scientifica
680 3060 848 3122 methodus
880 3077 943 3139 qua
966 3058 1047 3139 juris

112 3153 257 3215 canonici
270 3154 401 3216 scientia
414 3155 446 3216 in
461 3155 540 3216 duas
554 3155 707 3216 scinditur
716 3141 832 3232 partes,
842 3171 976 3232 quarum
986 3169 1049 3212 una

112 3247 236 3327 dejure
250 3247 515 3329 cuoooiccpoblico
539 3251 720 3327 pertractat,
734 3245 773 3306 de
789 3246 910 3326 privato
936 3246 1044 3306 altera.

112 3343 188 3402 Post
213 3339 318 3401 varias
339 3341 579 3419 controversias,
604 3341 731 3402 demum
750 3339 815 3400 fere
839 3339 880 3400 ab
904 3336 1048 3400 omnihus

112 3431 181 3494 haec
192 3433 350 3494 distinctio
365 3437 492 3513 recepta
507 3438 564 3496 est.

152 3527 190 3588 V.
214 3528 441 3588 Verumtamen
468 3527 649 3588 cumidem
672 3543 735 3587 non
763 3525 803 3585 sit
828 3521 913 3601 apud
939 3535 1047 3580 omnes

111 3618 245 3700 hujusce
272 3617 480 3682 distinctionis
504 3619 587 3680 inter
608 3619 770 3698 pubiicum
783 3619 814 3676 st
827 3613 984 3691 privatum
995 3611 1049 3689 jus
