2542 4122
392 336 431 382 ua
452 337 580 384 caruero
601 340 684 386 surus
707 341 862 386 cruorum.
1039 329 1096 390 193

162 476 281 538 habent
294 477 333 538 de
349 478 451 540 officio
465 480 546 542 hanc
558 482 674 542 trinam
684 486 871 561 potestatem
881 485 1054 563 respective
1064 485 1095 546 in

164 570 310 631 universa
319 572 369 631 vel
380 572 412 632 in
421 574 571 650 peculiari
582 576 733 638 Ecclesia.
747 577 785 636 Et
797 576 830 636 id
840 581 884 653 ut,
895 577 935 636 ob
947 583 1095 654 praestau-

161 663 239 724 tiam
249 665 541 744 argumenti,plene
552 668 739 745 declaretur,
750 670 846 730 refert
856 669 1094 748 explicationem

89 805 91 807 .
163 775 181 814 a
194 757 271 817 clar.
287 759 321 818 P.
337 759 487 837 Tarquini
501 760 679 838 nuperrime
694 761 801 822 datam
816 761 992 822 exscribere
1005 763 1015 806 ¹
1031 783 1037 822 :

208 869 222 903 «
243 850 405 926 PotestaS‚
423 869 492 929 quae
506 871 562 930 pro
578 851 645 932 ejus
660 857 774 913 natura
785 853 926 915 societati
948 855 1095 932 perfecta

161 940 194 999 in
209 959 282 1002 suos
296 943 456 1020 competit,
473 945 613 1022 generali
628 945 688 1005 hac
702 947 813 1024 regula
826 946 1023 1008 continetur:
1045 948 1094 1021 Ut,

161 1053 228 1114 qnoe
236 1045 304 1094 sont
313 1037 473 1096 necessaria
484 1037 525 1096 od
531 1037 621 1118 finem
628 1039 716 1118 plene
728 1039 966 1119 consequendum,
979 1041 1097 1119 eciqere

154 1127 229 1205 ‚jare
243 1128 355 1207 possit,·
369 1148 434 1209 quoe
451 1149 508 1189 aon
528 1138 596 1190 sant
619 1131 796 1206 necessaria,
822 1152 877 1190 non
894 1133 1009 1211 possit,·
1031 1154 1097 1214 qum

163 1239 228 1280 ciero
240 1222 399 1282 necessario
411 1231 497 1297 sont,
516 1223 567 1283 sed
581 1225 731 1303 pertinent
746 1224 786 1284 od
797 1224 928 1284 ordinem
941 1226 1096 1306 quemdam

162 1315 358 1394 superiorem,
372 1335 511 1395 caparae
527 1317 665 1377 ordinare
674 1326 702 1377 et
714 1317 908 1378 determinare
919 1339 976 1378 aon
987 1321 1091 1381 valent.

203 1431 217 1466 n
242 1407 394 1468 Probatur
412 1412 442 1468 1³
458 1429 532 1488 pars
546 1409 599 1490 jus
618 1410 737 1489 aliquid
760 1411 905 1490 exigendi
932 1413 1095 1476 correlati-

162 1521 238 1562 uum
261 1505 308 1563 est
326 1501 449 1578 officio,
467 1502 551 1581 quod
572 1503 661 1563 alteri
686 1504 766 1581 parti
792 1503 890 1580 inest,
913 1505 990 1566 illud
1014 1524 1095 1584 prm·

163 1594 276 1658 standi.
293 1595 388 1673 Atqui
399 1613 455 1673 pro
471 1599 584 1655 natura
600 1596 757 1656 societatis
768 1596 898 1675 singulis
913 1598 980 1677 ejus
995 1617 1094 1658 mem-

162 1689 227 1748 hris
253 1687 333 1748 inest
359 1687 497 1748 officium
519 1692 630 1766 sponte
653 1693 851 1766 susceptum,
866 1690 891 1750 si
909 1691 1042 1752 societas
1057 1692 1096 1752 sit

162 1781 353 1856 voluntaria,
369 1781 508 1858 legitime
527 1781 723 1859 impositum,
754 1782 778 1840 si
803 1784 997 1860 necessaria,
1020 1802 1095 1845 cou-

162 1874 281 1934 t'erendi
297 1875 328 1932 in
344 1873 526 1934 societatem
545 1873 627 1934 vires
643 1893 715 1934 suas
740 1876 780 1934 ad
797 1893 835 1935 ea
859 1878 1092 1955 comparanda,

162 1985 231 2046 qum
249 1968 322 2026 sunt
335 1965 512 2026 necessaria
526 1967 567 2025 ad
591 1965 659 2044 ejus
682 1967 778 2025 finem
797 1968 887 2045 plene
910 1969 1094 2047 integreque

161 2059 403 2138 assequendum.
423 2060 506 2136 Ergo
522 2057 663 2118 societati
679 2076 736 2136 pro
752 2077 808 2118 sua
821 2065 934 2120 natura
948 2061 1029 2120 inest
1042 2060 1094 2138 jus

161 2153 273 2213 eadem
288 2135 403 2212 abillis'
417 2151 573 2229 exigendi.

201 2270 214 2302 n
231 2245 321 2306 Proh.
333 2249 364 2304 2³
371 2264 455 2324 pars,
471 2244 504 2304 id
511 2253 552 2304 est
561 2263 627 2325 qooe
640 2244 720 2304 nollo
730 2244 781 2304 sab
792 2253 922 2324 respecto
934 2245 1094 2305 necessario

159 2346 227 2398 sunt
241 2338 281 2398 ad
294 2338 382 2419 finem
396 2337 643 2418 comeqomdum,
660 2336 758 2397 eodem
772 2357 791 2396 a
803 2338 938 2398 societate
947 2338 1093 2419 eoeiyipro

160 2451 212 2491 sao
223 2441 331 2491 natam
346 2452 403 2492 oon
415 2451 510 2511 posse.
525 2432 776 2492 Fundamentum
798 2431 979 2510 potestatiS‚
998 2451 1093 2512 quam

161 2544 217 2604 pro
229 2543 289 2585 sua
304 2529 417 2585 natura
431 2525 564 2586 societas
578 2525 674 2585 habet
689 2524 833 2604 exigendi
847 2525 964 2604 aliquid
978 2545 997 2586 a
1012 2527 1090 2601 suis,

160 2619 255 2679 situm
269 2617 361 2678 estin
375 2619 552 2678 necessario
575 2617 717 2696 ejusdem
738 2638 820 2678 nexu
836 2637 908 2677 oum
924 2618 1021 2696 ipsius
1043 2637 1093 2678 so-

160 2711 370 2786 cietatisfine‚
385 2711 429 2771 ita
443 2709 542 2790 utqui
557 2711 692 2771 alterum
706 2712 791 2786 vult,
809 2711 943 2770 alterum
967 2729 1092 2790 quoque

160 2804 240 2863 velle
262 2803 388 2864 omnino
415 2802 546 2876 debeat3
576 2803 663 2882 atqui
685 2803 717 2862 in
739 2803 796 2880 iis,
824 2822 894 2882 quae
921 2803 1007 2864 nullo
1034 2805 1092 2864 sub

114 2919 117 2923 ·
159 2899 305 2974 respectu
320 2896 360 2976 ad
380 2897 475 2956 finem
498 2899 571 2956 sunt
594 2897 788 2972 necessaria,
816 2895 969 2975 ejusmodi
995 2916 1092 2958 nexus

159 3009 223 3050 non
236 2989 390 3062 habetur3
413 3007 487 3067 ergo
503 2989 535 3048 in
550 2989 608 3064 iia,
627 3007 697 3068 quae
712 2990 796 3050 nullo
816 2990 874 3050 sub
891 2994 1036 3068 respectu
1051 2991 1092 3050 ad

158 3084 255 3142 finem
277 3085 350 3142 suut
371 3081 567 3157 necessaria,
591 3082 711 3142 nullum
743 3086 790 3144 est
815 3082 956 3144 societati
981 3084 1091 3143 funda-

158 3177 315 3250 mentum,
332 3174 475 3253 adeoque
490 3174 611 3233 nullum
623 3173 674 3254 jus
690 3176 802 3236 eadem
823 3195 880 3254 pro
897 3195 955 3236 sua
979 3180 1092 3236 natura

159 3267 316 3346 exigendi.

199 3382 213 3416 n
240 3359 331 3422 Proh.
349 3363 380 3421 3a
389 3379 463 3440 pars
474 3359 526 3439 jus
541 3363 587 3421 est
608 3363 746 3438 potestas
761 3361 801 3422 ad
824 3361 916 3435 illud,
941 3359 1026 3438 quod
1050 3359 1090 3419 ad

192 3558 197 3586 ¹
215 3557 287 3608 turis
301 3558 361 3609 eccl.
376 3558 439 3621 pub.
453 3557 547 3640 instit,
559 3562 628 3612 auct.
639 3560 710 3608 Cam.
722 3558 856 3622 Tarquini.
867 3583 896 3594 -
907 3559 1005 3620 Romae,
1020 3561 1089 3612 1862.
