2518 4144
188 308 227 370 48
400 315 630 366 usuruucuus
650 315 733 364 runs
755 315 908 364 clucuror.

229 469 281 532 Ill.
306 464 527 544 descriptorum
553 461 660 542 species
685 460 851 540 dupliciter
874 460 1122 541 distinguuntur,

190 560 337 623 videlicet
353 557 404 619 vel
422 555 531 617 habita
550 555 672 616 ratione
695 554 855 616 relationis
878 573 973 634 quam
992 561 1127 634 possunt

191 655 295 717 dicere
308 651 349 714 ad
360 651 473 730 legem,
489 649 539 708 vel
552 648 660 710 habita
674 647 795 710 ratione
807 648 1003 709 diversorum
1019 649 1126 729 objec-

190 754 295 812 torum
309 746 349 807 de
369 743 482 824 quibus
498 741 678 821 disponunt.
791 809 792 814 η

231 841 297 905 Sub
314 839 415 920 primo
428 839 574 914 respectu
588 834 707 896 trifarie
726 834 1033 915 subdistinguuntur,
1051 855 1126 916 qua·

190 941 281 999 tenus
306 948 420 1010 nempe
438 928 498 990 dici
517 932 648 1008 possunt
670 928 844 990 secundum
859 928 922 1009 jus,
942 932 1054 991 contre
1074 929 1127 1010 jus

190 1029 241 1091 vel
255 1028 371 1108 praeter
382 1023 444 1104 jue.
463 1021 629 1084 Secundum
633 1021 697 1102 jus,
712 1021 737 1082 si
751 1021 897 1102 princeps
909 1022 961 1103 jus
974 1022 1127 1102 interpre-

190 1125 274 1186 tetur
294 1117 434 1196 illudquc
459 1116 605 1196 applicet,
618 1114 669 1177 vel
688 1115 756 1196 ejus
779 1119 926 1194 procuret
945 1116 1127 1195 applicatio

191 1233 281 1287 uem;
310 1218 412 1272 contra
429 1210 494 1292 jus,
520 1210 545 1270 si
564 1209 710 1288 princeps
731 1207 850 1288 aliquid
870 1209 1025 1271 concedat
1042 1211 1127 1289 quod

187 1309 251 1391 juri
274 1305 431 1368 communi
453 1304 653 1376 adversetur;
667 1309 782 1382 preter
790 1302 855 1382 jus,
874 1303 900 1362 si
915 1303 1062 1382 princeps
1084 1303 1123 1362 de

191 1402 297 1484 aliqua
313 1419 346 1460 re
369 1399 515 1478 disponat
531 1415 601 1478 quae
615 1414 673 1457 uec
688 1397 720 1456 in
736 1395 808 1476 jure
827 1395 867 1457 sit
885 1414 944 1456 nec
962 1396 1006 1456 illi
1029 1415 1124 1475 repu-

213 1497 276 1558 net.

191 1517 311 1650 gHuic
339 1583 529 1647 distinctioni
556 1581 658 1644 affinis
682 1586 728 1644 est
751 1582 804 1642 illa
832 1599 902 1662 quae
926 1581 1054 1661 respicit
1080 1581 1125 1642 di-

191 1681 371 1744 versitatem
405 1677 599 1758 objectorum
629 1693 699 1756 quae
731 1676 789 1738 sub
819 1675 978 1754 rescriptis
1011 1675 1125 1736 cadere

192 1775 332 1854 possunt.
363 1771 428 1832 Sub
457 1769 516 1830 hoc
544 1772 689 1848 respectu
717 1769 900 1831 dividuntur
919 1769 1072 1848 rescripta
1093 1769 1125 1828 in

192 1866 344 1944 rescripta
357 1863 464 1944 prutioe
481 1865 512 1923 et
530 1861 682 1940 rescripta
693 1862 834 1942 justitie.

233 1962 263 2021 1⁰
283 1955 446 2038 Rescripta
474 1954 582 2036 prutioe
608 1954 662 2015 illa
691 1959 764 2018 sunt
786 1955 818 2016 in
839 1954 952 2035 quibus
977 1955 1125 2035 princeps

193 2051 311 2134 aliquid
338 2048 481 2112 concedit
507 2048 558 2109 vel
579 2056 694 2129 proter
711 2047 782 2128 jus,
807 2048 857 2109 vel
882 2055 983 2108 contro
999 2048 1064 2129 jus.
1090 2052 1125 2110 ln

193 2147 392 2227 primocasu,
415 2141 573 2205 concessio
588 2141 738 2220 principis
751 2141 870 2203 dicitur
891 2141 1078 2224 beneficium·
1093 2143 1126 2205 iu

193 2239 330 2302 secundo
346 2239 462 2314 autem,
480 2235 594 2298 dicitur
602 2235 805 2316 pricileqium.
824 2237 859 2296 ln
874 2238 1019 2316 utroque,
1039 2237 1127 2315 prin-

194 2353 267 2412 ceps
280 2350 342 2393 non
358 2329 462 2391 reddit
471 2328 534 2408 jue,
550 2329 605 2390 sed
621 2329 762 2389 favorem
776 2328 925 2408 impertit.

233 2430 265 2486 2·
287 2422 449 2499 Rescripta
457 2420 589 2500 justitio
604 2441 661 2482 seu
675 2421 718 2482 ud
733 2421 798 2483 lites
811 2422 865 2484 illa
882 2427 954 2485 suut
977 2441 1035 2502 per
1057 2443 1127 2504 quae

163 2500 170 2544 ²
194 2519 351 2599 princeps,
368 2518 403 2576 ut
416 2513 503 2575 litem
518 2514 655 2593 dirimat,
668 2515 718 2576 vel
727 2515 779 2596 jus
790 2516 960 2577 obscurum
974 2517 1126 2596 declaret,

195 2612 245 2673 vel
255 2611 307 2693 jus
323 2625 425 2671 causes
440 2626 496 2668 seu
510 2607 555 2670 liti
572 2626 641 2687 quae
657 2611 743 2670 mota
756 2613 803 2671 est
817 2609 964 2688 applicet,
981 2611 1031 2670 vel
1042 2610 1129 2691 judi-

196 2725 246 2768 ces
259 2705 389 2784 deputet
399 2701 462 2782 qui,
473 2719 530 2780 pro
539 2700 671 2781 justitia,
686 2701 769 2764 inter
779 2702 938 2782 litigantes
945 2702 997 2782 jus
1008 2703 1125 2766 dicent.

196 2799 314 2871 Quibus
336 2796 369 2856 iu
393 2794 526 2871 casibus,
544 2794 689 2874 princeps
711 2813 773 2856 non
794 2799 917 2856 tontum
936 2797 1064 2875 respicit
1083 2798 1130 2860 ia-

196 2908 303 2952 vorem
330 2891 482 2969 quantum
502 2886 666 2968 justitiam.
691 2889 862 2967 Propterea
886 2888 954 2950 haec
975 2891 1129 2970 rescripta

196 2983 330 3044 maxime
343 2985 416 3043 sunt
431 2980 538 3042 cilinia
554 2980 614 3042 illis
625 2999 695 3062 quae
711 2981 844 3042 diximus
858 2983 1012 3044 secuudum
1020 2983 1085 3064 jus.

235 3077 287 3137 lv.
312 3074 404 3136 ⁴Vulur
423 3073 631 3154 resumpturum
653 3075 780 3136 omnino
805 3075 953 3138 aestimari
976 3077 1071 3139 debet
1092 3097 1130 3140 ex

196 3168 356 3232 voluntate
375 3163 589 3245 rescribentis,
604 3167 694 3230 sicuti
709 3169 794 3248 leges
809 3188 848 3230 ex
864 3170 1024 3232 voluntate
1036 3170 1131 3250 legis-

194 3260 314 3325 latoris.
333 3261 399 3332 Quo
412 3259 524 3338 posito,
540 3264 675 3340 quatuor
688 3265 859 3324 nascuntur
877 3263 1042 3325 corollaria
1064 3283 1131 3325 ser-

196 3355 301 3416 vanda
313 3352 366 3415 ubi
379 3353 483 3433 agitur
497 3352 536 3414 dc
550 3354 580 3415 vi
593 3373 649 3416 scu
659 3353 766 3417 valore
775 3356 1009 3436 rescriptorum.

238 3451 267 3510 l⁰
289 3446 476 3527 Rescriptum
492 3466 549 3526 per
562 3466 591 3508 se
610 3447 750 3529 loquendo
770 3448 843 3510 dicit
854 3449 908 3531 jus
922 3450 1110 3530 particulare
1118 3471 1131 3528 ,·

192 3540 398 3621 peraccedens
419 3546 525 3613 autem,
541 3538 646 3600 tabee
654 3548 752 3624 potest
773 3541 832 3603 cun
842 3541 926 3622 juris
944 3543 1126 3610 universalis.
