2542 4122
360 358 399 404 on
420 357 652 404 enarraturus
673 355 829 403 canorum.
1003 346 1060 406 205

129 503 223 566 Solus
245 500 340 560 hodie
362 501 518 580 reperitur
538 501 570 560 in
585 519 643 561 sua
666 499 741 561 sede
755 499 934 578 patriarcha
947 501 1061 564 latinus

128 593 442 670 Hierosolymitanus

170 685 300 746 Minores
328 686 369 745 ad
392 685 549 765 majorum
576 685 808 747 distinctionem
837 686 985 747 dicuntur
1009 687 1062 766 qui

128 780 256 841 titulum
273 778 665 857 hahent-patriarchalem
687 778 719 838 in
734 778 843 839 ordine
856 778 1064 858 tamcnjnris-

130 872 276 934 dictionis
291 889 354 932 non
367 876 439 932 sunt
448 871 506 932 nisi
521 872 682 951 primates,
696 890 727 933 v.
744 890 789 950 g,
798 872 1061 950 Ulyssipcnensis,

130 969 280 1041 VenetuS,
294 968 352 1024 etc.
1047 1037 1053 1050 ι

171 1059 252 1118 XIV.
270 1059 404 1117 Possunt
429 1061 534 1117 autem
551 1061 718 1136 sequentes
732 1058 864 1136 proponi
886 1058 1004 1138 regulae
1025 1059 1064 1117 dn

130 1155 245 1211 natura
259 1149 372 1210 horum
382 1149 537 1228 graduum
551 1149 891 1228 supraepiscopatium:

173 1242 465 1320 t⁰Nonoriginaria,
476 1242 532 1302 sed
545 1241 692 1320 delegata
703 1243 921 1305 tantummodo
929 1245 1066 1306 auctori-

67 1337 69 1341 ’
130 1334 1063 1413 tateexerceutur,quippequinoudivinaesedhumanaetan·

132 1434 201 1490 tum
213 1427 276 1488 sint
289 1427 501 1488 institutionis
515 1429 686 1505 Propterea
700 1446 763 1489 non
777 1433 947 1506 potuerunt
960 1430 1066 1510 aliqua

132 1521 257 1601 praediti
272 1539 338 1581 esse
351 1524 517 1598 potestate,
532 1520 590 1580 nisi
602 1521 643 1581 ab
658 1521 695 1581 iis
709 1521 898 1601 participata
910 1523 993 1586 foret
1011 1523 1064 1603 qni

135 1615 244 1675 divino
256 1613 329 1694 jure
344 1631 414 1674 eam
429 1613 683 1692 praeseterebant.

173 1709 350 1785 Eapropter
363 1707 404 1766 ad
419 1725 528 1767 eorum
542 1706 616 1786 jura
630 1707 870 1770 determinanda
882 1727 946 1771 non
958 1728 1066 1790 proce·

134 1801 238 1860 dimus
252 1799 406 1878 principio
420 1799 472 1860 illc
493 1800 577 1879 quod
592 1807 707 1880 tanturn
722 1801 837 1881 possim
847 1810 988 1883 quactum
1010 1821 1067 1862 noc

131 1892 316 1974 prohibetur,
332 1893 415 1972 quod
428 1911 540 1970 nempe
552 1892 740 1971 principium
750 1894 782 1953 in
793 1894 1067 1956 histantummodo

135 1989 297 2066 spectatur
310 1985 462 2064 gradibus
480 1985 533 2064 qui
549 1985 663 2046 divine
683 1990 756 2047 suut
773 1986 987 2065 institutionis,
1013 1987 1068 2047 sed

135 2081 195 2140 isto
212 2078 365 2156 principio
391 2079 476 2157 quod
496 2086 609 2137 tantam
619 2077 734 2157 possint
753 2087 895 2159 quantam
914 2079 973 2140 sibi
992 2099 1070 2139 com-

134 2172 255 2232 mearem
274 2171 320 2232 vel
339 2170 503 2250 delepotam
520 2169 624 2249 suerit.
645 2171 705 2232 Ubi
728 2189 830 2231 sermo
850 2171 891 2232 sit
911 2172 950 2231 de
967 2171 1069 2250 gradu

137 2263 306 2326 ordinariae
322 2263 548 2344 jurisdictionis
557 2281 684 2324 necesse
698 2267 745 2324 est
757 2264 973 2326 demonstrare
988 2263 1070 2324 limi-

135 2363 218 2429 tcm;
241 2375 331 2417 secus
346 2357 503 2417 haeremus
517 2357 549 2415 in
568 2356 674 2418 dubio.
701 2357 760 2418 Ubi
777 2361 883 2418 autem
906 2376 1009 2418 sermo
1031 2356 1071 2419 sit

138 2451 178 2511 de
190 2450 291 2529 gradu
307 2450 459 2528 delegatae
475 2448 712 2528 jurisdictionis
725 2469 852 2512 necesse
866 2455 913 2514 est
926 2452 1070 2514 damona

138 2549 223 2604 trare
250 2543 381 2621 positive
400 2543 496 2604 tatem
521 2543 739 2606 auctoritatem
760 2543 803 2604 ilti
822 2545 917 2606 fnisse
941 2545 1071 2606 deman-

139 2638 258 2713 datam,
271 2655 362 2696 secus
374 2637 577 2715 praesumptio
592 2640 702 2698 contra
724 2655 797 2697 eum
809 2637 933 2698 militat.

179 2734 211 2790 2⁰
231 2729 409 2790 Auctoritas
430 2729 543 2789 horum
560 2730 715 2808 graduum
740 2747 804 2790 non
824 2734 928 2808 potest
946 2729 1007 2790 diei
1027 2729 1067 2790 ab

139 2823 279 2884 inferiori
292 2823 474 2900 episcopatu
487 2822 659 2884 derivatam
672 2822 778 2884 fuisse.
791 2822 880 2884 Ratio
891 2827 939 2884 est
952 2823 1026 2903 quia
1036 2823 1069 2884 hi
1173 2823 1177 2830 ’

140 2916 260 2995 gradus
273 2915 458 2976 auctoritate
471 2915 639 2992 episcopali
651 2915 827 2994 superiores
841 2918 1070 2995 sunt,profecto

140 3027 202 3069 noo
218 3012 323 3086 potest
332 3008 462 3070 inferior
471 3008 691 3068 auctoritatem
703 3009 761 3069 sibi
776 3009 970 3088 superiorem
983 3009 1071 3071 alteri

141 3103 300 3180 delegare.
325 3102 415 3164 Unde
439 3101 623 3162 naturaliter
636 3102 838 3181 consequitur
860 3104 945 3184 quod
964 3103 1073 3182 hujus-

141 3194 229 3254 modi
243 3195 414 3256 auctoritas
428 3213 491 3255 non
503 3193 641 3272 potuerit
650 3194 709 3255 nisi
720 3214 739 3255 a
749 3215 871 3258 summo
881 3194 1073 3276 jurisdictio-

140 3288 189 3348 nis
206 3288 309 3366 gradu
316 3287 473 3367 delegari;
487 3287 540 3367 qui
550 3287 668 3366 gradus
678 3289 728 3349 vel
741 3289 892 3368 intotum,
903 3289 953 3349 vel
962 3287 1073 3346 saltem

140 3381 317 3442 eminenter
331 3381 475 3460 Supremi
492 3381 651 3442 Pontificis
662 3383 807 3460 proprius
824 3388 881 3459 est,
900 3379 1073 3441 secundum

141 3474 227 3554 quod
247 3475 297 3534 vel
311 3474 453 3552 seorsim,
470 3474 521 3535 vel
542 3477 695 3555 tanquam
715 3479 810 3552 caput
822 3472 944 3550 collegii
956 3472 1073 3552 episco-

141 3567 222 3648 palis
235 3567 463 3630 consideratur.

213 3687 277 3732 ron.
297 3691 316 3732 1.
943 3677 976 3738 ta
