2540 4132
220 361 277 422 l36
427 375 654 424 rasnrnnonss
674 381 758 426 surm
778 382 932 428 amanei.

259 518 304 580 Ex
326 521 357 580 2⁰
376 520 471 582 modo
493 520 720 600 interpretandi
735 525 874 586 nascitur
886 526 940 586 illa
951 545 1020 605 quae
1030 526 1151 588 dicitnr

219 611 377 688 eeteraioa,
395 631 464 692 quae
486 633 598 694 nempe
616 620 663 676 est
677 618 822 694 quaedam
833 619 914 697 juris
927 620 1093 696 productio
1108 621 1150 681 ad

219 723 327 766 casum
343 707 393 766 vel
414 724 581 785 personam
596 727 678 787 qnae,
701 710 844 770 dcetsnb
862 712 966 772 littera
990 713 1071 790 legis
1086 732 1151 774 non

219 798 426 875 contineatur,
457 799 496 858 de
522 799 693 860 intentione
721 803 801 881 legis
824 807 930 863 tamen
953 809 1012 880 aa,
1035 809 1072 866 nt
1090 807 1151 866 snb

219 892 409 971 obligatione
438 892 504 972 ejus
526 894 812 972 comprehendatur
832 917 839 956 :
857 901 904 956 est
924 915 1000 975 ergo
1014 898 1151 977 quadarn

220 985 291 1065 lepis
295 985 453 1066 productio
467 986 502 1047 ob
513 986 676 1066 paritatem
690 988 737 1048 cel
745 988 966 1049 similitudmem
978 990 1156 1050 rationem!

165 1143 171 1154 ,
218 1097 315 1140 caeam
330 1077 376 1139 oet
383 1097 536 1158 personam
548 1097 613 1159 qua
623 1079 675 1139 cub
688 1080 760 1160 lepis
774 1081 874 1141 littera
882 1102 938 1141 aea
951 1083 1129 1143 continetur.

258 1174 303 1232 Ex
325 1171 433 1232 ultimo
448 1172 542 1233 modo
557 1172 795 1250 interpretandi,
812 1175 951 1234 nascitur
960 1175 1151 1252 interpreta-

217 1265 260 1328 tio
278 1283 348 1346 qnae
369 1265 482 1326 dicitur
498 1265 674 1340 restrictiva,
697 1285 767 1346 qnae
785 1267 951 1344 dupliciter
968 1271 1074 1345 potest
1085 1287 1153 1328 res-

217 1360 373 1439 tringere,
399 1377 512 1436 nempe
532 1359 581 1418 vel
602 1359 773 1438 improprie
792 1364 823 1420 et
836 1361 994 1438 negative,
1018 1361 1151 1439 velpro

216 1453 283 1532 prio
316 1457 347 1514 et
363 1451 506 1530 positive.
538 1450 706 1532 Improprie
728 1452 843 1513 dicitm
864 1453 1053 1529 restrictiva,
1080 1473 1150 1532 quae

218 1545 410 1607 extensivam
430 1543 719 1623 interpretationem
732 1545 889 1622 prohibet,
907 1565 964 1605 sen
981 1546 1015 1604 in
1031 1565 1069 1606 eo
1084 1551 1150 1607 tan-

217 1645 284 1701 tum
300 1638 460 1717 restringit
474 1641 626 1717 quatenns
641 1637 787 1716 prohibet
808 1638 943 1698 extendi.
961 1639 1025 1699 Sed
1027 1640 1152 1720 proprie

217 1735 248 1792 et
256 1731 383 1810 positive
406 1729 529 1805 dicitur,
553 1731 679 1809 quando
702 1730 780 1808 legis
801 1731 989 1791 sententiam
1011 1736 1149 1792 coarctat
1265 1796 1266 1821 i

216 1823 317 1902 magis
339 1839 434 1900 qnam
461 1823 559 1882 verba
578 1824 711 1896 vellent3
737 1828 785 1884 est
811 1842 887 1902 ergo
912 1825 1061 1902 quaedam
1071 1825 1151 1904 juris
1265 1824 1266 1827 ’

217 1915 369 1994 exceptio,
387 1915 495 1976 favore
508 1915 672 1994 cujusdam
682 1935 773 1976 casus
780 1917 830 1976 vel
842 1917 1148 1994 pmcne-inducta,

216 2029 303 2090 quae,
330 2008 403 2070 lieet
424 2008 483 2068 sub
503 2007 608 2068 littera
628 2009 707 2086 legis
728 2009 941 2084 contineatur,
960 2010 1000 2068 de
1027 2011 1150 2070 ratione

215 2107 321 2167 tamen
345 2101 424 2181 legis
447 2119 512 2160 non
531 2105 578 2161 est
598 2105 633 2162 ut
659 2101 742 2160 illius
766 2101 956 2179 obligatione
971 2105 1148 2162 teneamur.

216 2195 401 2278 Hujusmodi
423 2193 528 2256 voca1i
551 2192 646 2254 etiam
676 2194 755 2254 solet
768 2194 907 2274 Epiteio,
932 2213 989 2254 seu
1002 2195 1149 2274 aeqnitas,

216 2295 370 2370 qnatenus
400 2291 448 2349 est
474 2308 481 2348 :
506 2286 629 2365 bcaipaa
656 2286 790 2366 quaedam
812 2287 896 2367 jaric
925 2287 1153 2366 interpretatio;

215 2382 395 2460 aequitatem
408 2381 512 2458 potius
523 2379 628 2457 prodit
642 2398 737 2458 qnam
751 2380 894 2441 strictum
901 2379 965 2459 jue.

254 2475 305 2534 lll.
330 2475 375 2532 Ex
394 2472 443 2532 his
462 2491 533 2550 quae
554 2472 586 2531 in
605 2472 665 2532 hoc
680 2473 782 2550 capite
801 2472 977 2551 prooemiali
997 2473 1150 2532 delibavi-

214 2585 295 2642 mus,
318 2565 533 2643 nnusquisque
564 2565 670 2626 statim
696 2565 843 2644 colligere
877 2565 993 2642 poterit
1017 2583 1149 2642 scopum

213 2658 407 2721 tractationis
430 2662 545 2718 nostrae
562 2678 569 2718 :
587 2657 637 2717 hic
661 2677 723 2718 non
747 2659 870 2737 agimus
893 2657 932 2717 de
965 2657 1150 2718 authentica

177 2773 180 2778 ·
213 2753 263 2812 vel
278 2752 389 2828 usuali,
406 2751 456 2812 vel
464 2749 605 2830 judiciali
619 2749 886 2829 interpretatione,
903 2751 961 2810 sed
974 2754 1100 2811 tantum
1109 2750 1149 2809 de
1266 2763 1267 2808 1

213 2844 397 2918 doctrinali,
421 2842 510 2922 cujus
536 2843 725 2922 peragendae
746 2843 877 2904 facultas
895 2843 976 2922 jutis
999 2842 1150 2904 studiosis

213 2936 414 2998 conceditur.-

252 3033 327 3089 Haec
341 3033 447 3089 autem
459 3030 640 3091 doctrinalis
654 3029 870 3107 interpretatio
889 3028 1056 3090 arbitrario
1080 3029 1149 3088 tieri
1266 3039 1267 3042 ’

212 3126 399 3200 nonpotest;
417 3122 473 3182 sed
488 3141 535 3200 ea,
548 3123 598 3183 vel
609 3141 686 3200 pure
697 3121 899 3197 declarativa,
910 3123 961 3181 vel
972 3122 1146 3196 extensive,

210 3217 261 3280 vel
281 3215 471 3293 restrictiva,
493 3219 580 3276 certa
594 3215 690 3276 habet
698 3215 852 3295 principia
866 3209 981 3294 quibiis
994 3214 1066 3292 ipsa
1078 3219 1148 3275 tan-
1266 3217 1267 3260 l

211 3328 307 3391 qnam
321 3309 437 3387 regalis
449 3309 655 3388 gubernatur,
669 3312 758 3369 certa
775 3308 872 3369 habet
885 3308 1023 3368 lacaseu
1037 3307 1147 3386 sontes,

209 3405 294 3464 nude
314 3408 501 3481 argumenta
519 3407 586 3463 tuto
606 3401 724 3461 hauriri
739 3405 880 3480 possunt,
897 3419 988 3461 suam
1008 3400 1147 3479 denique

210 3497 307 3556 habet
325 3495 492 3555 methodum.
507 3514 570 3573 qua
581 3495 614 3553 in
625 3493 741 3554 scholis
755 3494 935 3572 peragitur.
951 3495 1036 3572 Ergo
1050 3492 1145 3572 hujus

211 3586 405 3645 mactationis
432 3605 506 3664 pars
532 3586 594 3646 tria
613 3585 716 3663 capita
738 3586 971 3663 complectitur,
988 3603 1142 3664 qnorum,
1266 3659 1267 3684 ,
