2502 4130
322 237 325 242 ·
398 223 438 268 aa
461 223 590 269 caruero
611 223 694 269 runis
717 221 872 270 carorum.
1043 210 1102 270 299

164 366 224 427 sed
246 366 377 452 simplex
392 367 445 450 jus
466 367 671 438 coordinandi
686 367 791 428 media
806 368 909 430 civilia
923 387 981 448 pro
994 368 1103 430 defen-

164 460 255 520 sione
270 459 363 540 hujus
375 459 611 541 jurisdictioni5‚
625 465 731 523 tamen
750 461 782 520 in
797 461 939 522 confesso
955 463 1101 542 estquod

165 553 385 614 ecclesiasticae
406 553 615 634 jurisdictioni
638 553 864 642 aliquantisper
891 554 1036 632 accedat,
1068 556 1100 616 in

165 649 320 726 quantum
328 665 441 726 nempe
455 647 604 726 importat
614 647 752 728 aliquam
764 651 952 728 potestatem
965 647 1101 709 activam

162 739 198 798 in
213 739 346 818 negotiis
361 741 579 804 ecclesiasticis
596 759 664 822 quae
684 742 813 828 propria
825 761 887 803 non
901 745 948 804 est
962 759 1100 803 commu-

163 832 213 892 nis
231 833 418 895 conditionis
433 833 601 910 laicorum;
629 853 691 919 qua
712 835 863 897 etllnitate
875 837 910 896 lit
924 839 959 898 ut
978 835 1099 896 facilius

163 944 222 1004 pro
249 927 398 986 Ecclesiae
423 927 584 988 advocatis
606 929 737 990 accedat
754 928 937 990 mandatum
954 947 1015 1010 quo
1030 947 1100 1006 pos·

164 1017 227 1080 sint
244 1017 383 1098 aliquam
399 1019 651 1100 jurisdictionem
674 1021 918 1083 ecclesiasticam
940 1039 1096 1099 exercere,

164 1129 236 1190 qua
260 1130 323 1172 non
347 1113 446 1174 soleat
460 1112 611 1174 accedere
626 1117 813 1175 caeterorum
825 1113 978 1175 laicorum
990 1113 1099 1174 condi-

162 1202 241 1284 tioni
256 1203 288 1263 in
301 1205 450 1272 Ecclesia.

205 1311 307 1382 Quare
323 1313 504 1394 contingere
528 1317 632 1402 potest
652 1317 687 1378 ut
710 1333 747 1376 ex
773 1313 919 1375 Ecclesia
948 1313 1097 1376 mandato

163 1405 232 1464 tum
259 1423 417 1484 expresso,
432 1410 500 1468 tum
522 1407 629 1486 tacito,
644 1411 711 1470 tum
726 1410 931 1488 praesumpto,
948 1405 1021 1467 huic
1033 1405 1096 1488 juri

162 1497 269 1576 aliqua
307 1499 520 1563 ecclesiastica
546 1499 723 1582 jurisdictio
762 1499 981 1562 demandetur.
1012 1500 1095 1578 Sed,

163 1592 197 1650 1⁰
213 1589 273 1651 hoc
296 1592 483 1654 mandatum
506 1613 569 1654 non
582 1593 674 1654 facile
689 1593 944 1672 praesumendum
957 1596 1018 1670 est,
1041 1593 1097 1653 sed

160 1686 192 1742 2⁰
202 1682 478 1762 juxtatendcntias
494 1705 571 1768 quas
585 1687 779 1755 demonstrat
798 1685 970 1748 advocatus
991 1686 1097 1746 Eccle-

160 1775 215 1836 siae
231 1779 485 1856 ergaEcclesiam
494 1779 606 1861 ipsam.
617 1783 713 1841 Porro
723 1780 748 1840 si
759 1779 912 1860 ejusmodi
927 1779 1096 1840 tendentia

161 1869 287 1930 omnino
301 1871 428 1934 hostiles
439 1871 615 1949 videantur,
630 1877 731 1933 cessat
751 1872 913 1952 quodlibet
924 1890 1096 1954 praesump-

161 1963 255 2024 tionis
270 1963 520 2025 fundamcntum.
539 1965 628 2038 Quod
647 1965 673 2026 si
688 1983 763 2025 vero
777 1963 917 2026 Ecclesia
939 1964 1008 2042 ipsa
1026 1983 1097 2044 ges-

160 2056 278 2116 tionem
289 2057 336 2117 sui
346 2058 517 2126 advocatus
528 2058 763 2136 condemnaret,
774 2061 849 2118 tunc
860 2055 1095 2137 quaelibctprae-

164 2149 298 2230 sumptio
311 2151 450 2224 mandati
464 2151 590 2212 omnino
604 2152 792 2213 destruetur.
1080 2146 1082 2151 ’

470 2354 634 2400 narremus
660 2355 797 2400 ruamus,

473 2511 594 2594 Ilcjure
602 2520 788 2602 potronatus.

205 2691 284 2751 Vlll.
298 2692 363 2756 Hoc
374 2689 426 2769 jus
439 2690 535 2751 verbo
550 2696 641 2750 tenus
656 2689 758 2770 ajure
773 2687 946 2749 advocatiae
961 2703 1024 2747 non
1036 2685 1097 2746 dis·

164 2783 328 2862 tinguitur,
346 2783 499 2862 siquidem
510 2787 660 2862 patronus
673 2783 756 2842 idem
772 2785 817 2842 est
830 2799 867 2843 ao
879 2780 1097 2858 advocatus,si

164 2877 251 2938 vocis
263 2880 423 2955 spectatur
436 2877 633 2956 significatio.
652 2877 714 2938 Sed
730 2895 801 2936 cum
816 2896 875 2938 usu
888 2874 1097 2937 ecclesiastico

164 2971 333 3031 invaluerit
345 2973 379 3031 ut
393 2975 598 3050 patronorum
614 2969 739 3032 nomine
754 2969 985 3050 significaretur
998 2969 1098 3029 ecclo-

165 3063 284 3122 siarum
299 3063 491 3141 fundatores,
504 3083 541 3124 ac
554 3064 687 3142 proinde
703 3063 830 3125 nomine
843 3066 1027 3142 patronatus
1044 3079 1099 3120 ve-

166 3156 231 3215 niat
260 3155 312 3236 jus
338 3157 421 3235 quod
450 3157 668 3218 fundatoribus
689 3157 873 3218 conceditur
897 3157 928 3215 in
951 3153 1098 3214 ecclesias

165 3249 444 3326 succlamatione,
461 3249 534 3310 inde
551 3251 695 3331 estquod
714 3251 833 3331 dejure
846 3250 1029 3328 patronatus
1044 3246 1098 3306 ali-

166 3361 229 3422 qua
244 3341 275 3400 in
288 3342 391 3420 specie
405 3343 539 3404 dicenda
553 3347 635 3406 sunt.

205 3435 346 3496 Ecclesia
359 3435 426 3516 jam
441 3455 460 3497 a
473 3437 582 3516 primis
597 3437 730 3512 saeculis,
747 3435 811 3495 sive
827 3437 862 3496 ut
874 3436 999 3512 gratum
1013 3432 1101 3494 exhi-
