2518 4144
218 309 239 371 -Ξ
432 320 660 369 rnsrrrurrouas
681 319 764 369 runrs
787 319 941 368 onnorrcr.

221 471 257 531 ut
268 466 353 528 idem
367 467 407 529 sit
418 486 455 528 ac
470 467 642 547 lepitr'mum,
657 484 713 527 seu
725 468 818 527 reetae
834 463 946 527 rationi
962 467 992 526 et
1005 463 1067 544 legi
1082 483 1161 527 eon-

221 577 350 622 sonum:
368 561 400 619 et
412 558 490 620 illud
500 558 621 639 justum
638 557 788 619 dividitur
800 557 832 616 in
846 557 991 633 naturale,
1009 557 1093 635 quod
1109 561 1161 618 est

222 669 394 714 consonum
415 651 549 712 naturali
566 649 692 726 rationi,
723 652 755 710 et
774 649 876 728 leculo,
901 648 985 728 quod
1007 649 1077 727 lege
1099 649 1161 709 hu-

221 762 315 805 mana
330 738 537 804 constituitur.
560 746 593 802 20
609 741 769 820 Accipitur
780 741 901 820 justum
916 740 1094 819 specialiter
1120 759 1161 802 ac
1242 797 1243 800 ,

222 836 326 898 stricte
340 853 396 914 pro
410 853 446 894 eo
458 834 542 913 quod
553 837 600 894 est
614 851 751 912 aequum,
767 833 833 894 sire
844 833 955 914 (equale
967 840 995 893 et
1009 833 1099 893 alteri
1110 833 1162 894 de·
1242 863 1243 912 r

222 927 333 988 bitum:
349 931 389 1004 et,
407 925 511 1002 nisio,
530 929 578 988 est
592 925 749 1006 objectum
758 924 899 1005 justitiae.
1242 929 1243 938 ’

260 1023 291 1080 3⁰
310 1022 366 1081 Jus
382 1021 534 1098 tanquam
555 1035 670 1078 nomen
684 1017 918 1097 primigenium,
939 1036 995 1078 seu
1015 1017 1160 1078 radicem
1242 1049 1243 1098 p

219 1111 293 1192 justi
310 1109 477 1190 etjustitiae
491 1110 608 1171 habent
631 1109 778 1170 nonnulli.
785 1109 1010 1190 jurisconsulti,
1034 1109 1066 1169 in
1082 1129 1160 1189 quo·
1242 1101 1243 1124 ³

221 1221 292 1264 rum
309 1202 473 1279 sententia,
491 1201 573 1282 juris
591 1201 672 1262 ratio
688 1219 707 1262 a
725 1200 809 1280 justo
835 1205 866 1262 et
886 1201 1008 1282 justitia
1028 1201 1158 1262 minime

221 1295 392 1372 repetenda
406 1297 504 1371 esset,
526 1295 581 1354 sed
601 1294 792 1355 econtrario
809 1293 932 1373 justitie
947 1293 1017 1371 ipsa
1038 1291 1095 1372 per
1105 1293 1158 1374 jus

221 1386 420 1463 definiretur:
435 1385 497 1466 jue,
515 1389 623 1464 utpote
633 1385 791 1467 objectum
802 1385 943 1466 justitie,
958 1385 1028 1464 ipsa
1034 1385 1158 1466 justitia

222 1479 379 1558 antiquius
392 1482 448 1539 est.
458 1481 645 1539 Haectamen
658 1478 873 1556 interpretatio
886 1479 1077 1557 praecedenti
1092 1497 1159 1540 res-

221 1571 311 1632 tricte
330 1589 393 1631 non
407 1571 584 1650 opponitur,
600 1570 866 1650 quandoquidem,
884 1573 920 1632 ut
935 1570 1158 1633 animadvertit

223 1665 339 1726 Suarez
358 1661 401 1742 (in
419 1681 475 1724 suo
493 1665 629 1733 tractatu
645 1663 684 1722 de
699 1661 845 1742 legibus),
856 1661 978 1743 justitia
988 1682 1008 1725 a
1015 1663 1088 1744 jure
1102 1663 1158 1724 de-

222 1755 303 1816 rivat
316 1755 348 1815 in
362 1754 483 1816 ratione
505 1753 630 1835 objecti,
652 1773 689 1815 ac
711 1755 844 1816 subinde
868 1755 901 1816 in
918 1774 1033 1834 genere
1054 1773 1156 1818 causae

221 1847 334 1924 finalia,
350 1847 422 1908 licet
438 1845 560 1926 justitia
579 1846 619 1907 sit
635 1864 731 1908 causa
748 1847 885 1910 efficiens
902 1848 949 1910 sui
971 1848 1085 1928 objecti
1100 1867 1157 1910 seu

218 1958 309 2019 June.

261 2033 298 2093 ΙΙ.
314 2033 431 2096 Verum
439 2029 524 2091 hisce
540 2029 786 2093 derivationibus
796 2031 881 2094 vocis
891 2031 954 2114 jus,
965 2049 1058 2112 quam
1070 2049 1159 2094 com·

221 2123 357 2186 munitor
375 2123 505 2185 tradunt
521 2121 746 2204 jurisconsulti,
769 2124 830 2185 alia
858 2125 931 2186 addi
950 2127 1063 2204 potest,
1085 2143 1156 2206 quae

222 2218 263 2279 ad
294 2217 449 2280 rationem
479 2215 707 2295 ontologicam‚
737 2219 768 2278 et
801 2217 928 2296 quidem
952 2217 1153 2296 primariam,

217 2309 298 2389 juris
323 2327 380 2370 nos
402 2307 556 2386 perducit.
582 2309 617 2368 In
641 2309 816 2370 vernaculis
841 2309 927 2370 enim
948 2309 1076 2389 linguiS,
1103 2309 1156 2390 jus

223 2399 349 2480 (diritto,
368 2399 458 2476 droit,
474 2398 589 2475 dracho,
614 2399 707 2480 dript,
724 2400 797 2480 etc.)
819 2401 948 2464 averbo
962 2401 1061 2464 latino
1081 2401 1156 2462 diri-

221 2511 289 2572 pere
306 2492 402 2570 venit,
424 2496 456 2555 et
475 2491 586 2553 exinde
601 2492 745 2572 primitus
763 2493 969 2556 directionem
993 2514 1050 2556 seu
1072 2494 1157 2557 ordi·
1242 2535 1243 2544 η

222 2585 381 2690 nationem
413 2587 533 2646 rectam
561 2585 716 2646 adfinem
743 2586 952 2664 praest'tutum
978 2587 1155 2666 significare

222 2678 408 2832 vltssegtppum
420 2788 528 2832 omnes
548 2771 754 2850 particulares
774 2775 863 2850 fines,
882 2790 961 2853 quos
981 2777 1067 2836 recte
1084 2792 1156 2854 pro-

222 2866 395 2945 sequuntur
425 2863 509 2924 entia
539 2867 655 2942 creata,
685 2865 725 2926 ad
755 2867 850 2926 finem
874 2865 1019 2926 ultimum
1045 2867 1155 2927 referri

222 2958 347 3033 dehent,
363 2957 443 3016 litut
453 2955 503 3016 hic
515 2955 586 3016 finis
600 2957 639 3018 sit
651 2976 798 3037 suprema
811 2961 842 3020 et
857 2958 969 3020 ultima
980 2959 1092 3038 regula
1103 2978 1156 3020 cu·

217 3049 318 3129 jusvis
335 3047 539 3109 ordinationis
559 3053 663 3126 rectae,
685 3053 716 3111 et
731 3050 841 3112 exinde
855 3051 958 3130 prima
966 3051 1046 3132 juris
1059 3069 1158 3113 causa

221 3145 252 3202 ct
265 3141 355 3202 ratio.
372 3142 455 3219 Ergo
466 3139 519 3222 jus
534 3141 678 3220 primitus
690 3133 841 3204 fundatur
856 3144 888 3203 in
907 3144 976 3222 ipsa
996 3144 1156 3206 essentiali

220 3251 327 3293 rerum
344 3232 539 3293 ordinatione
560 3233 599 3294 ad
622 3236 718 3295 tinem
736 3235 881 3297 ultimum
898 3283 905 3313 ,
922 3255 977 3298 seu
997 3237 1157 3315 adipsum

220 3328 321 3386 Deum
341 3345 347 3386 :
368 3328 415 3386 cst
429 3324 512 3386 enim
532 3325 634 3404 prima
652 3327 806 3389 ordinatio
826 3327 944 3390 indicta
969 3347 1157 3408 asupremo

220 3436 326 3478 rerum
338 3417 516 3494 conditore,
535 3437 591 3479 seu
612 3423 700 3481 actus
715 3419 828 3483 divinae
841 3421 1009 3484 voluntatis
1025 3425 1155 3486 aeternae

219 3509 379 3592 sapientiae
391 3509 619 3591 respondentis.
