2540 4132
317 333 423 382 morea
444 333 597 380 arnonus
617 335 700 382 roms
722 335 875 384 aeacum.
1004 327 1061 404 wi

127 475 213 538 mitti
226 475 343 556 nequit.
357 479 420 539 Sed
431 495 489 540 nec
498 479 639 540 secunda
654 500 660 540 :
676 497 751 540 nam
763 479 839 542 sads
853 481 1063 561 deprehendi·

127 575 183 630 tur
202 587 240 629 ex
256 570 342 634 bulla
358 571 498 650 Gregorii
520 573 588 634 XIII
603 573 798 651 approbante
811 575 1061 640 emendationem

127 667 343 724 correctorum
354 683 568 741 romanorum,
580 669 718 726 mentem
729 667 887 728 Ponnfins
897 685 959 730 non
967 669 1061 732 fuisse

127 756 227 816 dandi
253 756 326 818 huic
347 757 434 835 operi
459 757 678 818 auctoritatem
695 757 840 838 legalem,
863 761 919 822 sed
940 765 1062 826 aenam

125 848 279 909 laudandi
300 849 416 910 iactam
439 850 690 912 emendationem
714 855 746 912 et
765 851 956 931 impediendi
984 873 1063 936 quo-

124 942 233 1002 minus
255 960 275 1001 a
297 942 426 1020 privatis
447 943 588 1022 personis
609 943 786 1006 emendatio
811 945 928 1008 decreti
959 949 1058 1010 tieret.

124 1037 213 1114 Ergo
227 1053 285 1095 nec
299 1053 444 1114 expresse
463 1055 521 1096 nee
539 1035 631 1097 tacite
652 1036 827 1116 approbata
843 1038 902 1100 fuit
921 1039 1061 1100 Gratiani

122 1127 269 1189 collectio
284 1129 415 1188 Romani
432 1129 590 1190 Pontificio
602 1129 800 1192 anctoritate.

167 1221 247 1282 VIII.
258 1222 304 1282 Ex
315 1221 407 1282 dictis
418 1226 593 1300 sequuntur
604 1222 635 1281 hi
649 1239 785 1283 canones
795 1223 923 1302 practici
937 1223 977 1285 de
988 1241 1060 1286 auc-

124 1313 255 1374 toritate
268 1313 385 1374 decreti
402 1335 409 1374 :

169 1405 271 1469 Canen
293 1409 320 1467 I.
346 1407 377 1468 Si
398 1407 569 1470 scientifica
586 1412 746 1488 quaeratur
768 1409 937 1472 auctoritas
955 1411 1059 1492 operis

126 1499 283 1576 Gratiani,
310 1503 431 1560 tantum
456 1501 562 1562 valent
579 1499 705 1579 singula
728 1509 931 1565 monumenta
955 1506 995 1568 ab
1020 1523 1058 1566 eo

125 1595 247 1669 relata,
265 1597 415 1672 quantum
427 1593 533 1654 valent
552 1593 591 1653 de
613 1611 658 1670 se,
675 1593 707 1653 id
724 1597 782 1671 eat,
797 1595 822 1656 si
835 1613 1008 1676 numquam
1026 1597 1058 1658 in

124 1687 308 1766 hujusmodi
327 1705 421 1764 opere
430 1686 562 1748 inissent
570 1686 740 1759 rosensem
756 1687 861 1767 itaque
876 1689 1059 1768 apocrypha

124 1785 161 1841 nt
175 1779 376 1858 apocrypha,
393 1780 567 1858 approbata
577 1783 611 1840 ut
622 1780 811 1858 approbata,
826 1785 886 1843 etc.

169 1871 271 1934 Canon
291 1877 320 1934 2.
344 1873 377 1934 si
403 1876 563 1952 quaeretur
588 1873 758 1934 auctoritas
783 1873 893 1952 legalis
915 1873 1058 1954 ejusdcm

125 1965 247 2044 operis,
263 1970 386 2028 tantum
395 1966 501 2027 valent
513 1965 637 2045 singule
648 1971 853 2028 monumenta
865 1985 935 2048 quae
949 1966 1055 2043 hebet,

125 2063 282 2139 quantum
295 2063 421 2138 recepta
435 2059 484 2120 vel
499 2058 675 2137 approbata
686 2057 780 2119 tuisse
795 2058 1010 2138 perhibentur.

479 2213 656 2269 ARTIGULUS
671 2213 705 2266 11.

361 2359 396 2396 DE
413 2357 601 2398 concessione
618 2355 821 2396 cannameles.

164 2479 189 2538 I.
214 2473 416 2537 Collectiones
431 2473 641 2536 Decretaiium
651 2493 720 2554 quae
737 2493 756 2535 a
769 2472 915 2536 Gratiano
930 2471 971 2534 ad
984 2489 1057 2534 con-

123 2569 233 2631 cilium
256 2568 473 2630 Tridentinum
497 2567 589 2630 editae
613 2571 702 2644 sunt,
729 2585 786 2648 pro
813 2567 937 2628 diverso
962 2584 1056 2645 quem

122 2661 220 2724 hodie
241 2661 383 2723 obtinent
405 2681 480 2738 usu,
497 2664 628 2740 possunt
648 2660 680 2720 in
706 2659 785 2721 duas
804 2659 919 2720 classes
934 2657 1053 2736 dividi,

122 2774 260 2836 quarum
276 2754 344 2816 aliae
358 2754 575 2833 pontificatum
588 2753 728 2834 Gregorii
751 2753 792 2815 lx
807 2756 1053 2832 processerunt,

123 2867 195 2930 quae
210 2848 305 2910 hodie
327 2848 496 2926 antiquata
512 2850 585 2908 sunt
602 2867 608 2908 :
626 2847 695 2908 aliae
711 2863 781 2926 quae
801 2864 820 2906 a
842 2845 991 2927 Gregorio
1013 2845 1054 2907 lx

122 2943 164 3003 ad
177 2941 395 3004 Tridentinum
410 2941 502 3002 editae
518 2944 604 3016 aunt,
623 2959 692 3020 quae
706 2939 800 3000 hodie
814 2939 918 3000 adhuc
934 2939 1051 3023 vigent.

122 3035 207 3114 Ergo
233 3034 317 3096 hunc
351 3033 517 3096 articulum
543 3033 582 3094 dc
611 3031 808 3094 Decretalium
842 3031 1055 3094 collectionibus
1158 3125 1160 3130 ,

117 3233 228 3301 publice
236 3232 323 3300 possit
344 3232 396 3296 Icqi
414 3235 439 3283 et
459 3230 605 3297 explicari,
623 3231 662 3280 nti
680 3231 760 3282 habet
771 3229 956 3282 kalendarium
972 3229 1053 3292 Gym-

121 3311 191 3360 nasii
204 3308 390 3370 Bononiensis
403 3321 473 3357 anno
488 3309 556 3369 1152,
570 3305 675 3356 kalend.
688 3320 749 3356 nov.
764 3307 834 3370 apud
847 3306 919 3355 Alex.
937 3301 1053 3353 Machin-

120 3387 233 3437 veIIium
245 3387 274 3434 in
286 3387 342 3434 not.
360 3384 393 3432 ed
405 3382 545 3446 SIgovinm
558 3381 676 3432 historiae
688 3395 814 3432 romena.
829 3381 880 3432 Sed
892 3391 979 3441 neque
996 3375 1066 3426 fleri·

119 3463 147 3512 id
154 3461 377 3526 precepitneque
387 3458 543 3508 auctoriiete
549 3471 597 3508 sua
604 3458 740 3506 decretum
749 3454 924 3508 confirmant.
932 3450 1054 3516 (baroti,

120 3539 235 3606 proleg„
245 3550 302 3602 cap.
317 3536 542 3601 vi,§nxx1x,not.
556 3533 589 3596 1.)
