2540 4132
237 310 296 374 llo
444 325 674 376 usrrmnonns
693 325 777 376 mars
797 325 953 376 ιιιιοιιιιι.

235 468 316 532 ratio
330 469 461 550 uirginis
471 473 583 534 seonta
593 472 651 548 est,
666 472 785 534 attento
793 469 865 552 jure
876 466 1023 544 naturali,
1040 466 1169 530 restitu-

234 561 278 624 tio
292 562 437 625 ferienda
453 566 552 641 esset,
566 563 625 626 nisi
647 562 736 643 virgo
757 563 958 642 dilapidasset
980 560 1166 640 pecuniam,

235 655 310 736 quia
323 657 398 718 tune
408 657 568 718 voluntate
584 657 667 734 Titii,
685 660 717 719 et
727 655 964 734 consumptione
975 653 1051 715 feeit
1062 672 1164 732 suam,

234 767 337 829 neque
347 767 419 810 oum
429 749 544 812 damno
557 768 614 811 suo
626 750 790 812 restituere
802 751 941 821 tenetur;
952 747 1052 808 multo
1062 747 1167 808 minus

233 840 438 904 fornioeri.1n
454 859 568 904 eausa:
585 842 689 904 minor
697 841 810 904 minori
821 841 908 904 dedit
918 839 1087 920 peonniam
1098 857 1165 900 mu-

234 935 340 1011 tuam,
359 934 515 996 elissam
530 934 713 1015 dilapidavit
735 953 742 996 ι
763 935 795 996 in
818 933 878 995 hoo
898 952 973 994 casu
991 931 1097 1011 potior
1120 936 1166 994 est

235 1026 370 1088 eonditio
401 1027 629 1104 consumentis,
655 1030 763 1107 utpote
788 1025 994 1105 possidentis,
1015 1028 1051 1086 ιιι
1074 1025 1164 1086 resti·

233 1121 321 1180 tuere
336 1137 399 1182 non
410 1123 564 1182 teneatur.
581 1119 708 1198 Excipe,
722 1119 781 1180 nisi
792 1118 845 1200 jus
854 1118 979 1179 resistat
990 1117 1161 1196 possidenti

233 1214 265 1273 et
279 1211 403 1274 assistat
414 1212 539 1292 petitori
553 1233 561 1287 ;
588 1215 623 1274 ut
636 1211 661 1273 si
678 1211 815 1290 religiosi
829 1211 1011 1290 possideant
1025 1209 1161 1272 decimes

232 1305 390 1384 parochiae
404 1326 412 1380 ;
435 1309 511 1368 tuno
525 1305 609 1368 enim
625 1322 787 1384 possessor
799 1305 935 1383 probare
949 1307 1076 1366 tenetur
1090 1303 1162 1365 titu-

231 1397 297 1458 lum
309 1399 520 1480 proprietatis.
1058 1471 1060 1476 ,

270 1493 322 1552 ιι·
343 1490 444 1554 Potest
457 1493 523 1574 quie
538 1511 594 1574 por
610 1491 712 1568 olium,
728 1490 808 1574 qood
822 1499 921 1573 potest
940 1491 1040 1572 faeere
1054 1510 1114 1571 per
1134 1512 1162 1553 re

231 1581 336 1662 mmm.
351 1588 428 1665 Reg.
439 1586 500 1648 ista
513 1585 656 1666 procedit
666 1586 705 1646 de
718 1585 903 1662 notionibus,
916 1603 986 1666 quae
996 1603 1036 1646 ex
1050 1589 1161 1648 nature

232 1674 387 1755 delegari,
401 1682 432 1740 et
445 1679 589 1740 mandari
604 1682 755 1760 possuut3
773 1682 808 1740 ut
817 1677 960 1758 judicare
973 1696 1031 1758 per
1046 1677 1157 1756 alium,

231 1768 466 1830 matrimonium
479 1771 664 1834 contrahere
675 1791 683 1846 ς
695 1789 758 1832 non
767 1788 842 1832 vero
855 1771 895 1832 de
907 1771 1088 1832 sedenibus
1093 1790 1159 1851 per·

230 1860 380 1924 sonaliter
391 1864 573 1926 exercendis
588 1885 595 1926 ε
612 1865 656 1926 sin
677 1864 761 1926 enim
787 1881 850 1952 non
872 1867 964 1942 potas
984 1883 1042 1944 per
1065 1863 1159 1926 alium

227 1953 382 2036 jejunare,
390 1955 607 2035 poenitentiam
614 1955 855 2037 agere,missem
861 1955 982 2034 audire,
990 1958 1158 2021 etolleon·

230 2051 281 2111 tra
293 2048 451 2112 interdum
457 2057 556 2131 potest
566 2051 631 2134 quis
639 2069 700 2131 per
711 2049 821 2126 alium,
838 2048 917 2131 prod
927 2069 985 2112 oon
993 2057 1095 2131 potest
1103 2068 1160 2132 pe*
1258 2069 1259 2072 ¹

229 2143 380 2224 semrom
393 2143 467 2224 quia
478 2143 511 2205 id
520 2161 584 2205 non
596 2144 687 2206 deest
701 2189 709 2221 ‚
725 2141 776 2203 vel
791 2141 912 2204 ratione
926 2160 1094 2223 persone,
1112 2143 1171 2212 vel¹
1257 2173 1258 2182 ι

228 2236 350 2298 ratione
363 2236 419 2313 rei,
432 2254 488 2298 seu
500 2253 613 2299 oeusae.
629 2235 681 2298 Sie
694 2234 868 2314 episeopus,
886 2254 949 2298 uon
961 2254 1019 2315 per
1033 2255 1086 2313 se,
1104 2235 1158 2298 sed

228 2345 286 2405 per
300 2329 396 2390 alium
417 2331 520 2408 potest
529 2327 658 2392 olerioos
673 2326 853 2406 verberare,
864 2327 1019 2410 judioium
1033 2328 1157 2410 sangui·

229 2435 277 2479 ms
290 2437 445 2482 exereere.

267 2513 320 2574 ιιι
339 2511 377 2574 Io
390 2515 523 2595 peneroli
532 2515 713 2598 {comessoris
729 2535 787 2580 ooo
805 2516 924 2580 veniunt
939 2533 984 2592 ea,
1005 2533 1074 2598 quo
1094 2516 1157 2599 piot
1252 2579 1253 2596 p

227 2623 285 2668 ooo
297 2614 368 2669 erret
381 2607 585 2670 verosimiliter
598 2608 629 2669 io
639 2609 732 2690 speeie
743 2629 934 2672 concoenare.
951 2611 1026 2672 llaeo
1048 2610 1156 2692 regule

214 2698 345 2762 -indioat
367 2701 426 2762 suh
449 2719 565 2782 genere
581 2702 747 2765 commisso
772 2722 933 2785 nunqnam
957 2703 1066 2766 venire
1089 2703 1155 2766 illes

226 2791 358 2869 speeies,
376 2812 446 2874 qpae
457 2795 585 2873 spooiali
597 2795 798 2875 expressione
810 2801 883 2860 sunt
896 2797 1011 2878 dignae.
1030 2797 1082 2860 Sio
1097 2795 1152 2858 suh

227 2885 381 2960 potestate
391 2887 529 2964 generali
544 2887 835 2952 oommissavieario
846 2908 910 2951 non
921 2890 1009 2952 venit
1016 2891 1153 2969 potestas

227 2973 376 3060 donandi,
384 2980 438 3041 aut
449 2979 624 3042 eriminelie
633 2981 809 3060 exercendi,
821 2982 880 3044 sub
887 2985 1042 3061 potestate
1053 2980 1154 3044 ahsol-

226 3067 319 3130 vendi
335 3088 398 3132 non
412 3072 498 3135 venit
511 3075 649 3153 potestas
663 3073 845 3136 absolvendi
860 3094 880 3136 a
893 3074 1079 3150 reservatis3
1095 3072 1152 3140 surh

224 3163 364 3241 generali
378 3167 532 3244 potestate
545 3166 638 3246 legsti
653 3185 715 3228 non
729 3167 815 3230 venit
827 3171 973 3246 pausus,
985 3169 1069 3232 oiroe
1082 3185 1152 3230 oau-

224 3273 276 3324 ses
288 3255 372 3320 ildei.

643 3433 734 3453 m
