2542 4122
387 353 426 398 ou
447 353 574 401 omscro
596 355 677 400 runis
699 353 854 400 ornamur.
1026 342 1085 404 2³3

154 497 352 578 episcopalis,
365 496 465 558 extrui
479 497 734 576 coeperuntintre
745 497 863 559 moenia
874 497 1006 561 civitatis
1016 500 1085 580 qui-

154 592 231 652 dam
241 591 321 652 tituli
342 589 534 668 secundarii,
555 590 668 670 quibus
685 591 882 670 praetioerent
896 592 1083 671 presbyteri,

154 684 210 763 qui
219 682 646 762 sacramentaministrarent,
657 683 775 764 Deique
784 684 925 746 Verbum
936 685 1092 764 praediea,

154 779 236 854 rent,
260 795 322 837 uno
344 776 453 853 verbo,
478 794 586 837 curam
607 777 802 855 spiritualem
816 777 1007 838 sustinerent
1030 778 1086 840 cir·

107 891 113 900 ·
154 869 579 930 cumstantiumanimarum.

198 962 249 1024 Sia
260 963 329 1041 ipsa
342 962 451 1022 civitas
468 962 653 1042 episcopalis
667 963 786 1043 recepit
801 962 967 1042 parochias
980 963 1086 1025 civita-

154 1059 275 1128 tenses3
298 1053 405 1114 civitas
423 1072 535 1134 nempe
558 1055 743 1133 episcopalis
760 1055 908 1118 distincta
927 1059 975 1117 est
991 1056 1024 1116 in
1039 1059 1087 1118 tot

156 1151 262 1228 partes
279 1151 355 1227 quot
377 1147 457 1208 tituli
479 1147 666 1224 secundarii,
690 1147 735 1210 ita
755 1154 791 1209 ut
802 1167 1001 1229 unaquaeque
1013 1167 1087 1228 pars

157 1240 303 1302 dimoesis
312 1241 669 1319 baberetpresbyterum
678 1241 852 1320 proprium,
865 1260 959 1322 aquo
969 1241 1086 1322 specia-

155 1335 229 1394 liter
249 1335 421 1412 regeretur.
443 1333 533 1404 Quod
544 1335 649 1394 autem
661 1333 694 1393 in
707 1335 827 1395 eoeteris
840 1335 1038 1412 dioecesibus,
1054 1334 1087 1395 in

157 1429 301 1488 Romana
324 1425 418 1486 etiam
447 1425 580 1486 obtinuit
602 1425 740 1504 dioecesi,
767 1427 822 1489 sed
846 1427 940 1507 paulo
965 1427 1091 1490 diversa

158 1519 333 1598 disciplina.

199 1615 340 1691 Namque
376 1613 482 1672 Romae
514 1609 637 1692 jamdiu
664 1613 857 1690 aprimaeva
889 1611 1086 1692 antiquitate,

157 1707 273 1786 praeter
292 1703 418 1766 titulum
433 1704 653 1783 episcopalem,
671 1723 726 1766 seu
742 1705 908 1768 ecelesiam
923 1705 1090 1768 cathedra-

156 1800 232 1874 lem,
248 1815 361 1876 nempe
374 1797 475 1859 aedem
489 1815 610 1857 saeram
624 1798 809 1859 sanctissimi
817 1797 988 1860 salvatoris
1003 1797 1088 1876 apud

158 1894 362 1967 Lateranum,
387 1890 481 1952 erecti
509 1893 582 1950 sunt
602 1890 707 1968 plures
727 1891 807 1952 tituli
824 1891 998 1967 inferiores,
1022 1894 1090 1952 tum

158 1983 401 2064 presbyterales,
418 1986 486 2044 tum
501 1981 690 2042 diaconales

200 2076 292 2138 Tituli
302 2075 517 2157 presbyterales
536 2078 626 2136 erant
647 2074 786 2135 ecelesiae
809 2073 921 2154 quibus
940 2073 1093 2152 praeficie-

158 2171 254 2230 batur
267 2170 433 2248 presbyter
448 2171 483 2230 ut
497 2167 594 2228 saeris
606 2169 756 2246 praeesset
768 2167 984 2242 conventibus,
1000 2168 1093 2227 eaete-

160 2281 271 2341 raque,
284 2279 354 2341 quae
372 2262 413 2322 ad
427 2279 536 2322 curam
549 2261 733 2340 spectabant
745 2258 937 2336 animarum,
956 2261 1089 2338 gereret.

201 2354 295 2416 Tituli
316 2372 390 2414 vero
415 2353 587 2430 diaconales,
611 2372 667 2414 seu
682 2352 823 2414 diaconia
827 2399 837 2428 ,
851 2370 915 2413 non
930 2355 1019 2412 erant
1033 2351 1092 2412 nisi

163 2449 275 2508 domus
290 2447 471 2525 hospitales,
488 2465 560 2508 eum
574 2438 790 2526 adjacentibus
808 2445 962 2524 oratoriis,
979 2445 1093 2525 quibus

161 2539 414 2620 praeficiebantur
428 2539 562 2615 diaconi,
579 2541 615 2599 ut
628 2539 787 2616 peculium
802 2539 1047 2600 ecclesiasticum
1060 2538 1093 2598 in
1173 2577 1188 2589 -

162 2650 317 2712 pauperes
329 2635 360 2692 et
373 2632 515 2692 infirmos
529 2634 705 2709 erogarent.

203 2727 399 2803 Quapropter
422 2723 654 2803 quodammodo
688 2723 763 2783 urbs
789 2721 891 2782 divisa
917 2723 1018 2784 estin
1047 2725 1094 2785 tot

65 2896 68 2900 ,
162 2817 317 2896 paroecias
339 2820 416 2896 quot
437 2817 565 2877 fuerunt
578 2815 660 2876 tituli
678 2815 921 2894 presbyterales,
941 2815 987 2876 ita
1000 2815 1033 2876 in
1046 2819 1094 2878 tot

163 2911 308 2989 regiones
318 2913 395 2989 quot
406 2910 568 2970 diaconiae.
585 2909 648 2968 lllis
661 2908 828 2969 commissa
842 2911 910 2970 erat
924 2910 1094 2988 spiritualis

164 3021 240 3063 cura
259 3003 449 3076 animarum3
471 3002 547 3080 ipsis
559 3019 633 3063 vero
650 3001 832 3080 temporalis
850 3001 1090 3064 administratio.

163 3093 351 3174 Hujusmodi
375 3094 552 3174 presbyteri
570 3094 621 3155 vel
650 3093 775 3155 diaconi
789 3095 834 3156 sie
858 3095 992 3156 instituti
1019 3095 1094 3156 dicti
1167 3167 1169 3170 ¹

163 3191 236 3248 sunt
247 3186 419 3263 cardinales,
430 3205 563 3267 quorum
573 3185 722 3263 officium,
730 3187 757 3248 si
768 3188 876 3268 titulus
888 3191 955 3249 erat
965 3187 1093 3266 presby-

163 3279 280 3356 teralis,
301 3299 363 3340 non
376 3279 562 3358 excedebat,
581 3281 756 3358 generatim
771 3280 941 3360 loquendo,
955 3278 1094 3339 officium

163 3373 358 3452 paroehiale3
380 3373 407 3434 si
428 3373 611 3449 diaconalia
631 3391 695 3434 non
718 3372 891 3434 excedebat
904 3373 1094 3449 potestatem

164 3483 402 3526 ceconammam,

206 3560 358 3620 Successu
378 3577 453 3620 vero
476 3562 665 3638 temporum,
688 3577 707 3620 a
730 3557 844 3620 saeculo
869 3555 993 3618 eireiter
1012 3557 1092 3636 Xll⁰,
