2502 4130
402 298 441 346 os
462 299 592 348 caruero
612 301 696 348 runis
718 301 874 350 carorum.
1049 293 1106 354 aar

169 446 227 510 sed
242 443 421 506 absolutum
433 447 491 508 est.
508 447 582 508 Post
596 445 824 509 institutionem
841 450 947 509 autern
959 449 1106 512 Ecclesiae

166 558 231 600 non
251 537 335 598 idem
354 556 483 617 prorsus
502 539 555 620 jus
578 539 695 601 habere
711 541 813 620 potuit
827 559 923 620 quam
943 546 1027 604 ante.
1045 545 1106 604 Le·

167 632 325 694 tissimum
337 634 409 692 ante
424 631 650 694 institutionem
666 633 835 695 Ecclesiae:
854 633 1025 696 dummodo
1041 636 1107 696 cul-

169 728 220 786 tus
236 728 335 786 a·l]eo
349 724 551 804 praesoriptus
565 725 636 787 talis
654 730 737 788 esset
752 726 804 806 qui
818 726 936 788 divinis
948 727 1106 790 attributis

167 817 359 879 conveniens
369 823 447 896 erat,
456 822 571 880 caetera
581 819 687 881 omnia
698 821 816 899 quaead
828 819 1026 898 disciplinam
1035 840 1106 900 per·

166 911 278 986 tinent,
290 911 370 972 sorte
378 911 531 990 potuisset
540 912 729 974 suasancire
738 913 937 976 auctoritate.
952 913 1014 976 Sed
1022 919 1105 993 post

171 1021 267 1082 quam
279 1021 299 1062 a
314 1005 378 1064 Deo
394 1003 529 1082 positiva
542 1005 689 1085 quaedam
703 1005 812 1085 religio
825 1006 966 1068 instituta
980 1007 1106 1068 univer-

169 1095 1107 1178 salisperorbcmadinstarreipublicaelundateest,propria

169 1187 517 1268 gaudensauotoritate‚
537 1190 695 1271 objectum
709 1189 801 1270 hujus
816 1191 897 1271 juris
917 1192 1105 1272 mejestatici

170 1282 211 1342 ad
221 1281 254 1342 id
268 1282 511 1344 determinatum
523 1289 570 1344 est
584 1288 619 1345 ut
628 1283 681 1364 jus
695 1283 773 1344 illud
786 1303 850 1346 uon
862 1285 961 1363 possit
970 1285 1105 1363 amplius

170 1374 308 1435 exerceri
340 1375 400 1436 nisi
433 1376 626 1455 recipiendo,
656 1378 884 1455 conservando,
910 1379 1104 1458 protegendo

169 1468 252 1528 hanc
266 1467 368 1547 ipsam
380 1464 763 1532 divinaminstitutionem.
775 1472 814 1532 ut
822 1470 989 1550 (siquidem
999 1471 1106 1534 divina

170 1561 302 1640 requirit
323 1561 476 1624 institutio
491 1567 526 1624 ut
540 1565 668 1624 omnino
683 1567 831 1632 αυτόνιμα
845 1565 885 1626 sit
899 1568 931 1626 et
953 1564 1105 1644 indepen-

169 1653 259 1732 dens)
271 1673 333 1716 non
347 1658 450 1732 potest
461 1655 572 1717 melius
583 1656 643 1718 hoc
652 1656 705 1736 jus
719 1677 865 1720 exercere
880 1676 1105 1737 quem-procu-

170 1747 271 1808 rando
284 1748 500 1809 omnimodam
522 1749 670 1812 Ecclesiae
695 1750 894 1824 libertatem
917 1751 989 1812 ideo
1007 1751 1105 1812 resol-

170 1840 254 1900 vitur
285 1839 318 1900 in
348 1841 485 1903 osticium
508 1842 660 1922 sequendi
682 1843 867 1922 religionem
891 1844 977 1904 illam
1000 1862 1019 1904 a
1040 1845 1104 1904 Deo

170 1933 354 2012 institutam,
381 1953 444 1996 non
465 1939 571 1996 temen
589 1941 743 2014 tanquam
765 1935 933 2014 singularis
957 1953 1102 2014 persona,

170 2028 226 2089 sed
248 2027 343 2088 etiam
364 2027 453 2089 sicuti
479 2029 636 2108 princeps,
656 2028 856 2106 procurando
871 2031 906 2089 ut
919 2046 938 2088 a
953 2027 1016 2088 suis
1031 2028 1105 2087 suh-

170 2120 244 2182 ditis
258 2121 427 2200 recipiatur
451 2126 482 2184 et
504 2121 709 2184 custodietur.
733 2123 808 2182 Haeo
822 2121 862 2182 de
878 2119 998 2199 origine
1010 2118 1104 2199 hujus

167 2211 258 2294 juris.

451 2337 478 2377 ll.
489 2337 518 2376 nc
531 2335 633 2376 lintona·
646 2337 700 2384 turta
708 2336 830 2378 advorsae.

210 2469 275 2529 Vll.
293 2467 486 2548 Principium
500 2467 647 2547 generale
660 2486 666 2526 ε
680 2467 733 2547 jus
745 2467 919 2530 advocatiae
931 2466 1009 2528 nihil
1020 2465 1105 2528 aliud

171 2563 218 2622 cst
230 2560 288 2621 nisi
299 2560 352 2642 jus
367 2561 568 2638 defendendi,
594 2561 702 2622 tuendi
718 2561 910 2634 Ecclesiam3
936 2560 1018 2621 unde
1037 2560 1106 2620 haec

170 2658 346 2733 sequuntur
357 2654 540 2715 corollaria:

212 2762 242 2820 1⁰
254 2762 309 2822 [ast
323 2760 442 2840 aliquid
457 2761 603 2822 Ecclesiae
618 2759 828 2822 extrinsecum
839 2756 924 2838 quod
933 2757 1105 2819 Ecclesiam

166 2853 235 2934 jam
248 2854 280 2914 in
297 2873 354 2915 suo
375 2872 441 2915 esse
457 2854 658 2915 constitutam
673 2853 839 2931 supponit;
864 2851 903 2912 de
918 2851 1106 2913 defensionis

170 2950 285 3009 natura
299 2952 347 3009 est
358 2951 393 3008 ut
404 2953 561 3028 supponet
579 2947 611 3008 id
627 2945 712 3026 quod
739 2945 796 3006 sub
810 2945 990 3007 defensione
1009 2945 1102 3006 cedit.

170 3041 220 3102 Ad
232 3041 292 3102 hoc
308 3040 545 3119 exprimendum
556 3040 603 3101 usi
614 3043 687 3100 sunt
700 3042 822 3100 veteres
837 3039 964 3101 nomine
979 3037 1108 3126 episcopi

170 3135 296 3210 externi,
318 3152 379 3213 quo
401 3133 557 3212 principes
579 3132 741 3194 christiani
756 3133 926 3213 aliquando
950 3130 1105 3192 condeco-

170 3227 231 3290 rati
242 3231 324 3305 sunt,
335 3231 371 3288 ut
382 3227 592 3305 explicaretur
602 3226 727 3287 illorum
738 3226 876 3287 officium
887 3243 948 3285 non
960 3221 1051 3301 dirigi
1066 3223 1106 3284 ad
1226 3267 1228 3272 .

169 3321 326 3381 internam
347 3319 495 3381 Ecclesiae
513 3319 827 3394 administrationem,
852 3317 908 3376 sed
926 3319 1050 3376 tantum
1065 3315 1106 3376 ad

170 3414 231 3474 hoc
245 3415 280 3474 ut
295 3413 430 3475 exterius
442 3411 583 3474 Ecclesia
595 3431 614 3473 a
626 3411 791 3474 contrariis
804 3409 982 3470 incursibus
998 3407 1106 3468 defen-

171 3507 309 3570 deretur.
1095 3510 1105 3516 ’

953 3608 999 3663 ll*
1012 3631 1016 3638 ·
