2518 4144
192 353 232 414 76
399 364 628 414 usurunonns
648 365 731 413 sums
753 363 907 412 canonici.

193 510 506 572 cicumeuntes
530 511 554 571 si
579 509 741 572 minuatur
765 511 923 588 integrum
942 505 1134 570 exercitium

190 604 310 686 jurium
331 603 537 678 clericalium3
554 603 706 682 partialis,
723 603 748 664 si
760 602 981 664 nonnullorum
1004 604 1136 663 tautum

194 696 378 759 exercitium
392 695 609 775 prohibeatur.

233 792 312 852 Cum
330 793 436 850 autem
453 788 527 869 jura
542 789 697 850 clericalia
719 789 898 865 sinixtris,
915 787 1058 865 partialis
1072 788 1140 850 ho-

130 945 131 950 ,
195 881 1136 962 rumprivatioininferioresetiamclassespotestdistingui:

171 993 173 998 ’
236 975 268 1038 si
278 992 353 1036 vero
363 974 573 1053 suspendatur
583 993 638 1035 seu
650 974 811 1036 minuatur
819 973 1001 1035 exercitium
1007 973 1139 1054 jurium

196 1066 424 1130 communionis
438 1066 537 1144 laica,
555 1081 624 1146 quae
638 1067 766 1129 cuilibet
781 1067 949 1127 christiano
967 1067 1137 1144 competit,

196 1165 231 1222 ut
250 1158 448 1236 christianus,
473 1162 548 1221 tunc
572 1178 667 1238 poena
688 1160 802 1222 dicitur
817 1157 1076 1220 accommonieotio
1101 1160 1139 1220 in

196 1252 310 1333 specie.
328 1253 367 1313 nt
383 1251 452 1313 haec
467 1253 747 1314 excommunicatio
768 1252 971 1331 distinguitur
985 1251 1015 1312 in
1034 1253 1140 1332 mojo-

195 1365 258 1408 rem
282 1345 475 1408 etmioorem.
494 1345 596 1426 Major
609 1345 692 1406 tollit
714 1345 873 1424 integrum
888 1344 1142 1425 exercitiumju-

196 1440 278 1501 rium
300 1437 527 1500 communionis
554 1438 749 1512 christianae;
778 1439 875 1500 minoe
899 1437 980 1500 tollit
1005 1440 1140 1500 tantum

198 1531 420 1594 nonnullorum
427 1531 547 1611 jurium
560 1531 752 1592 exercitium.

237 1624 341 1688 Media
354 1642 429 1686 vero
449 1624 624 1702 intercedit,
646 1623 727 1684 iuter
749 1623 904 1704 majorem
924 1627 955 1686 et
975 1623 1142 1687 minorem

199 1716 563 1794 excommunicationem,
574 1717 720 1797 quaedam
731 1717 1025 1795 excommunicatio,
1039 1717 1141 1799 cujus

198 1808 330 1871 intuitus
343 1813 390 1870 est
403 1811 526 1869 tantum
536 1809 703 1889 prohibere
719 1809 856 1890 aliquem
869 1810 1074 1872 christianum
1092 1813 1141 1874 ab

199 1903 343 1981 ingressu
366 1901 532 1977 Ecclesiae3
561 1921 631 1982 quae
655 1903 983 1964 excommunicationis
996 1903 1138 1983 species,

201 1994 433 2074 comparatione
449 1995 532 2057 facta
550 1997 591 2056 ad
605 1996 825 2073 interdictum,
841 1996 929 2076 cujus
941 1995 1071 2058 intuitus
1084 2003 1142 2060 est

200 2087 308 2151 tollere
321 2087 361 2148 ab
377 2087 444 2150 aede
465 2107 555 2150 sacra
574 2089 752 2150 ‘functiones
775 2108 832 2150 sau
852 2107 942 2152 sacra
965 2089 1138 2169 solemnia,

200 2181 315 2244 dicitur
336 2181 533 2260 interdictum,
551 2182 607 2243 sed
629 2200 701 2243 cum
715 2182 821 2244 addito
832 2183 995 2263 personale.
1018 2183 1141 2245 Ethoc
1227 2191 1231 2200 '
1257 2177 1258 2194 ¹

200 2275 401 2336 interdictum
415 2275 578 2354 personale
593 2275 762 2355 aliquando
778 2276 936 2337 concurrit
949 2293 1020 2337 cum
1033 2275 1139 2337 inter-

173 2383 176 2387 ·
201 2366 283 2427 dicto
298 2367 401 2444 locali,
414 2386 475 2447 quo
497 2387 571 2430 casu
585 2369 673 2429 audit
691 2367 829 2430 meatum.
848 2370 904 2429 Hae
916 2367 1035 2448 species
1057 2386 1140 2430 con·

200 2456 379 2520 siderentur
387 2459 420 2518 in
434 2459 543 2520 ordine
555 2460 595 2522 ad
607 2461 708 2522 solum
727 2461 927 2539 exercitium,
943 2465 1010 2524 tum
1024 2462 1141 2540 quoad

200 2549 319 2629 locum,
336 2555 403 2612 tum
418 2553 523 2631 quoad
536 2571 696 2632 personas.

241 2646 306 2707 vll.
331 2645 394 2707 Sed
408 2649 538 2725 possunt
556 2646 651 2707 etiam
670 2647 739 2726 ipsa
758 2647 832 2730 jura
854 2645 978 2728 penitus
999 2647 1138 2729 auferri,

196 2755 264 2800 non
277 2741 400 2800 tautum
409 2739 548 2818 ipsorum
559 2740 741 2802 exercitium
753 2741 913 2821 suspendi,
926 2742 971 2804 ita
982 2746 1017 2804 ut
1029 2739 1157 2808 chria

202 2830 304 2891 tianus
314 2831 369 2894 ¹vel
382 2829 513 2893 clericus
528 2850 592 2894 non
607 2833 740 2911 amplius
754 2834 786 2894 in
800 2833 970 2896 christiana
991 2831 1142 2898 Ecclesia

202 2922 252 2983 vel
264 2922 296 2982 in
309 2923 380 2985 albo
390 2924 575 2986 elericorum
589 2926 720 2987 existere
736 2931 909 3005 reputetur.
918 2927 1057 2989 Clericus
1067 2947 1140 2990 non

136 3062 138 3066 .
202 3019 324 3077 tantum
334 3016 516 3079 interdictus
532 3019 621 3080 estin
642 3019 750 3080 ordine
766 3020 807 3080 ad
821 3019 1002 3083 exercitium
1011 3019 1142 3101 jurium

203 3107 355 3170 clericalis
377 3109 504 3187 ordinis,
521 3112 576 3171 sed
596 3111 689 3172 etiam
711 3131 774 3173 non
793 3113 926 3191 amplius
939 3113 1142 3175 considerari

141 3279 143 3282 Ι
203 3205 306 3281 potest
317 3205 352 3262 ut
362 3202 508 3277 clericus;
526 3204 734 3283 etaliquando
745 3205 840 3266 etiam
855 3209 913 3266 ue'c
928 3205 1060 3276 clericus
1074 3223 1142 3268 nec

204 3294 406 3368 christianus;
420 3294 518 3358 laicus
533 3315 589 3376 pro
605 3315 667 3358 non
683 3297 851 3360 christiano
868 3301 1002 3358 tenetur.

244 3391 351 3464 Porro,
369 3386 394 3448 si
409 3387 591 3451 minuantur
600 3389 749 3470 juraipsa
761 3390 989 3452 communionis
1004 3390 1144 3454 clerica-

204 3481 252 3557 lis,
269 3499 365 3559 poena
387 3483 454 3542 tum
476 3482 589 3543 dicitur
611 3480 751 3563 depositio
774 3502 829 3544 seu
844 3481 1016 3564 depredatio
1032 3484 1140 3564 (quasi

207 3569 358 3654 depositio
373 3573 412 3634 de
424 3573 548 3656 gradu).
