2542 4122
363 337 401 382 us
422 335 550 382 cornero
571 335 654 380 runis
676 333 832 380 oenomai.
1007 323 1065 382 207

130 503 218 545 mum
243 482 326 544 Petri
352 481 448 543 veluti
468 481 551 542 illius
572 480 667 559 pallio
689 479 854 558 alligatum
877 479 972 541 luisse
995 497 1066 542 cen·

131 579 262 653 seretur,
292 576 390 637 itaut
417 574 470 654 qui
495 575 526 634 in
546 573 629 634 illius
651 572 848 652 possessione
871 573 1063 651 succederet,

131 670 249 749 pariter
273 672 304 730 et
340 669 371 728 in
393 667 547 747 ejusmodi
581 666 767 728 auctoritate
795 666 965 728 succedere
997 686 1066 745 pro·

130 764 279 824 haretur..

170 855 246 916 lnde
269 854 386 914 fectum
408 852 555 932 estquod
579 852 711 914 Romani
729 852 905 930 Pontifices,
933 853 986 932 qui
1008 854 1065 914 soli

131 946 327 1009 successione
337 946 421 1024 pallii
438 945 536 1006 sancti
546 944 629 1006 Petri
640 945 832 1023 gaudebant,
849 945 1066 1024 utjauctorita-

63 1041 67 1046 ’
130 1046 195 1102 tem
205 1039 418 1118 significarent
428 1039 588 1117 apostolici
601 1038 769 1098 vicariatus
780 1038 864 1116 quod
876 1038 1065 1117 quibusdam

132 1132 371 1196 committebant
385 1131 551 1210 episcopis,
569 1131 735 1191 nonnullas
749 1130 888 1191 fimbrias
901 1150 956 1192 seu
971 1132 1064 1192 vittas

131 1227 171 1286 ab
184 1225 237 1286 illo
251 1225 416 1286 distractas
424 1224 483 1284 illis
497 1223 688 1284 commisisse
701 1223 825 1301 quibus,
838 1223 896 1301 ipsi
908 1224 949 1284 ad
966 1225 1064 1286 instar

132 1319 218 1397 pallii
234 1318 382 1378 humeros
398 1317 678 1378 circumducerent.

171 1413 262 1471 Forte
274 1410 371 1472 veteri
386 1410 438 1470 illo
451 1410 565 1471 amisso
577 1410 626 1470 vel
639 1413 835 1488 consumpto,
853 1429 943 1472 novae
958 1411 1063 1473 fascias

131 1507 231 1565 laneae
246 1503 287 1563 ad
302 1503 401 1564 instar
413 1503 498 1580 pallii
514 1502 612 1564 sancti
628 1502 711 1564 Petri
725 1504 876 1564 confectae
892 1507 976 1580 sunt,
992 1523 1062 1584 quae

58 1659 61 1662 .
131 1599 172 1658 ab
185 1597 253 1674 ipso
265 1595 348 1656 Petri
363 1613 494 1674 corpore
509 1599 642 1674 sumpta
654 1599 686 1656 et
697 1614 717 1655 a
736 1595 885 1656 Romanis
905 1597 1063 1658 Pontillci-

130 1692 189 1752 bus
223 1688 409 1764 benedictae,
446 1688 495 1748 his
531 1689 685 1768 episeopis
715 1688 889 1750 commissae
918 1693 990 1750 sunt
1029 1695 1065 1752 ut

129 1781 336 1862 apostolicum
368 1779 554 1843 vicariatum
583 1782 658 1860 ipsis
693 1781 878 1842 mandatum
905 1781 1063 1861 significe-

129 1880 209 1937 rent.

169 1968 267 2030 Sicuti
282 1987 357 2030 crux
373 1970 404 2028 et
416 1967 547 2046 pallium
561 1967 696 2046 insignio
707 1973 779 2029 sunt
794 1967 921 2046 propria
935 1967 1065 2028 vicarie-

129 2067 177 2124 tus
192 2061 365 2139 apostolici,
386 2060 430 2120 ite
444 2061 549 2120 nullus
576 2060 661 2120 hisce
679 2059 834 2138 episcopis
861 2060 975 2120 horum
991 2060 1066 2120 insi-

126 2156 237 2234 gnium
252 2153 401 2232 competit
423 2172 497 2213 usus
521 2153 575 2213 uhi
599 2171 738 2231 praesens
758 2153 798 2213 sit
820 2155 980 2212 Romanus
998 2151 1064 2230 ipse

128 2247 281 2324 Pontifex,
299 2247 348 2308 vel
363 2264 464 2323 perse
479 2246 528 2306 vel
545 2260 602 2324 per
618 2263 710 2305 suum
725 2244 894 2324 specialem
911 2245 1062 2323 legatum.

127 2339 314 2420 llujusmodi
335 2338 451 2418 quippe
477 2338 646 2400 vicariatus
674 2357 730 2399 seu
758 2339 906 2417 delegata
929 2355 1065 2416 persona

128 2433 286 2511 exspirare
304 2431 440 2492 uidetur.
452 2451 550 2510 quum
569 2432 635 2511 ipse
651 2431 740 2494 adest
755 2433 915 2512 delegans,
941 2433 991 2493 vel
1008 2450 1064 2511 per

127 2526 296 2605 specialem
306 2524 549 2601 mandatarium,
562 2526 674 2604 potiori
685 2526 775 2588 titulo
787 2543 956 2604 personam
965 2525 1064 2604 ipsius

127 2622 299 2699 gerentem,
313 2617 423 2678 adesse
437 2622 591 2682 censetur.

169 2715 247 2775 XVI.
261 2715 292 2774 3⁰
305 2713 379 2772 Haec
390 2712 559 2773 auctoritas
570 2715 617 2773 est
627 2711 787 2773 ordinaria
798 2713 830 2772 in
841 2714 994 2792 quantum
1008 2711 1064 2772 ad-

128 2806 228 2866 haeret
241 2804 354 2866 officio.
380 2808 460 2866 Nam
474 2804 596 2885 dejure
612 2805 769 2866 communi
786 2809 832 2867 est
848 2804 984 2885 dignitas
1009 2823 1063 2884 pa-

127 2898 314 2974 triarchalis,
341 2897 526 2977 primatialis
547 2901 578 2958 et
606 2898 858 2977 metropolitane.
892 2901 1064 2976 Propterea

128 2991 234 3053 statim
247 3011 284 3053 ao
298 2992 436 3071 legitime
452 2992 512 3052 hoe
535 2991 638 3053 officio
655 2991 724 3071 quis
743 2993 838 3054 fuerit
854 2993 981 3072 potitus,
996 2991 1063 3072 jam

127 3104 184 3164 per
194 3103 389 3164 consequens
400 3103 525 3146 omnem
538 3085 757 3148 auctoritatem
765 3085 945 3167 hujusmodi
960 3084 1061 3145 officio

127 3177 284 3240 adnexam
297 3178 509 3257 consequitur.

167 3274 198 3330 -l0
213 3274 281 3332 Non
305 3271 407 3344 solum
427 3269 530 3332 officio
548 3269 699 3348 adheret,
714 3273 770 3333 sed
785 3271 830 3334 rei
844 3271 980 3344 cuidam,
995 3267 1061 3327 sedi

125 3383 241 3442 nempe
250 3365 301 3426 vel
317 3365 475 3426 cathedrae
489 3363 615 3425 cuidam
626 3365 806 3445 episcopali.
823 3364 913 3428 Unde
925 3359 1063 3437 coneipi-

124 3461 179 3518 tur
197 3461 349 3538 tanquam
362 3458 497 3537 dignitas
513 3457 616 3518 realis.
635 3460 810 3537 Eapropter
824 3455 929 3518 stetim
945 3471 983 3512 ac
993 3451 1062 3532 quis

125 3555 313 3612 consecutus
324 3551 364 3612 sit
378 3551 580 3611 sedemillam
592 3550 802 3628 episcopalem
812 3548 861 3609 eui
873 3547 941 3608 haec
954 3562 1061 3625 supra-
