2542 4122
190 341 250 402 ἰαὶ
403 351 633 398 msrmumouus
652 355 736 399 runrs
758 354 912 400 annorum.

191 496 378 576 episcopalis
392 495 529 574 dignitas
542 495 700 574 alligatur.
719 515 757 557 eo
769 497 836 575 ipso
852 495 1044 574 patriarcha,
1062 497 1134 576 pri-

192 610 261 652 mas
270 591 320 651 vel
332 590 532 668 metropolita
543 595 602 650 est.

233 687 296 744 Nec
315 684 420 745 obstat
438 682 523 762 quod
545 682 703 759 statuitur,
720 702 785 762 cap.
807 686 836 758 3,
858 681 893 742 de
916 702 967 741 usu
987 690 1016 743 et
1030 690 1133 742 aucto

193 779 283 837 ritule
293 777 397 857 pollii,
413 775 499 855 quod
513 775 767 854 archiepiscopus
787 779 859 836 ante
874 775 959 854 pallii
973 775 1134 853 receptio-

193 889 267 931 nem
295 888 352 930 uec
376 867 604 945 archiepiscopi
629 887 745 928 nomen
760 868 858 946 possit
879 886 1055 940 assumere;
1080 869 1134 927 vel

194 964 279 1044 quod
298 963 447 1037 habetur,
469 980 534 1040 cop.
557 965 612 1036 28,
629 960 665 1021 de
683 961 838 1037 electione,
861 961 946 1040 quod
960 961 1133 1038 archiepis-

195 1075 293 1135 copus
309 1059 382 1116 ante
402 1053 487 1131 pallii
508 1054 722 1132 receptionem
741 1073 799 1116 nec
816 1055 923 1133 plures
945 1054 1044 1133 possit
1061 1073 1133 1132 per-

195 1167 290 1228 agere
311 1146 487 1208 functiones
501 1147 619 1206 ordinis
637 1147 838 1225 episcopalia,
861 1147 951 1208 sicuti
974 1147 1133 1207 ordinatio

196 1242 393 1316 clericorum,
413 1240 566 1300 confectio
585 1240 773 1317 chrismatis,
795 1241 923 1319 synodis
944 1241 1134 1300 dioecesanae

197 1333 391 1395 convocatio.
409 1336 489 1392 Nam
503 1333 607 1410 quoad
615 1333 758 1412 primam,
773 1353 836 1393 non
847 1333 919 1393 ideo
934 1333 1136 1393 interdicitur

198 1445 312 1486 nomen
330 1425 556 1503 archiepiscopi
575 1430 730 1504 quatenus
749 1430 822 1486 ante
840 1426 943 1504 ipsam
958 1426 1045 1502 pallii
1066 1444 1137 1484 sus-

197 1519 375 1596 ceptionem
401 1518 493 1595 plura
520 1518 648 1596 agituel
667 1537 762 1597 agere
787 1523 891 1596 potest
907 1537 976 1597 quae
1005 1518 1137 1597 propria

198 1616 271 1672 sunt
289 1611 539 1688 metropolitanae
566 1610 804 1690 jurisdictionis
826 1629 856 1670 v.
880 1630 910 1689 g.
937 1611 1136 1670 committere

200 1704 267 1765 aliis
289 1704 443 1781 episcopis
462 1704 681 1781 episcoporum
700 1704 987 1776 consecrationem
1007 1704 1064 1763 scd
1085 1722 1139 1764 so-

199 1796 359 1857 lummodo
374 1795 426 1855 hic
443 1796 551 1856 titulus
571 1797 768 1857 interdicitur
782 1800 816 1856 ut
833 1816 870 1856 ex
884 1797 944 1856 hac
959 1797 1137 1874 privatione

200 1893 365 1950 moveatur
378 1889 419 1948 ad
441 1889 613 1967 petendum
627 1890 769 1967 pallium,
791 1889 876 1968 quod
901 1889 1025 1967 dejure
1044 1890 1140 1950 debet

201 1983 290 2043 enixe
308 1982 470 2060 implorari
485 1983 569 2042 intra
593 1987 658 2043 tres
679 2001 814 2058 menses,
832 1987 867 2042 ut
892 1982 936 2042 sic
951 1982 1141 2043 recordetur

201 2076 373 2138 vicariatus
387 2075 551 2154 apostolici
567 2094 662 2154 quem
678 2077 819 2136 sustinet.

218 2205 221 2212 »
241 2170 351 2243 Quoad
370 2169 536 2244 secundm,
563 2168 624 2228 illae
643 2168 819 2228 functiones
847 2168 1042 2246 episcopales
1066 2169 1138 2228 ideo

201 2263 431 2324 interdicuntur
444 2261 519 2341 quia
539 2261 571 2320 in
590 2260 650 2320 iliis
665 2261 829 2320 c‘elehrans
846 2260 891 2321 uti
910 2261 1006 2322 dehet
1029 2261 1138 2340 pallia,

201 2359 352 2434 tanquam
364 2356 593 2432 complemento
608 2352 743 2412 vestium
755 2353 992 2431 pontificalium.

241 2449 273 2506 5⁰
287 2448 362 2506 Haeo
375 2446 562 2524 jurisdictio,
584 2445 657 2506 licet
678 2445 840 2506 adhaercat
855 2446 970 2523 officio,
987 2446 1051 2508 imo
1070 2447 1140 2506 alli-

202 2535 276 2617 gata
290 2537 329 2599 sit
340 2537 418 2614 sodi,
430 2556 492 2598 nou
511 2543 558 2599 est
572 2543 678 2599 tamon
690 2539 859 2599 auctoritas
874 2539 1037 2617 regiminis
1053 2540 1140 2600 ordi-

204 2632 294 2709 narii,
310 2631 486 2711 pastoralis,
506 2631 688 2692 immediati.
711 2634 790 2691 Nam
805 2631 997 2710 patriarcha,
1020 2633 1139 2711 primas

204 2727 253 2784 vel
267 2726 520 2804 archiepiscopus
540 2743 604 2784 non
623 2728 670 2784 est
692 2724 856 2802 episcopus
870 2725 920 2784 vel
933 2730 1043 2803 pastor
1055 2725 1139 2786 ordi·
1156 2760 1161 2768 -

204 2817 310 2877 narius
331 2818 426 2878 totius
439 2817 679 2896 patriarchatus
697 2817 850 2895 primatia
866 2819 916 2877 vel
931 2818 1140 2897 archiepisco

203 2909 363 2989 patussihi
379 2910 546 2971 commissi.
564 2910 624 2972 Sed
645 2910 677 2968 in
697 2914 849 2988 quantum
866 2909 948 2971 illius
968 2912 1140 2972 auotoritas

205 3002 382 3064 extenditur
395 3007 483 3064 extra
500 3003 613 3064 limites
633 3002 804 3063 dioeceseos
824 3003 883 3064 sibi
908 3004 1090 3082 assignata,
1107 3004 1140 3062 in

205 3115 268 3178 qua
279 3114 353 3157 vere
368 3099 399 3156 et
410 3096 537 3174 proprie
547 3100 699 3175 tanquam
714 3095 891 3156 ordinarius
902 3101 1010 3174 pastor
1023 3098 1141 3158 haben-

204 3192 263 3252 dus
278 3193 334 3266 est,
350 3190 418 3252 haec
433 3188 603 3250 auctoritas
618 3192 666 3248 est
679 3188 827 3264 mediata,
844 3207 940 3250 merae
955 3189 1139 3269 vigilantiae,

205 3303 275 3364 qua
297 3283 329 3343 in
344 3283 468 3344 casibus
483 3280 737 3342 extraordinariis
759 3281 943 3360 imponitur,
957 3283 1011 3342 nbi
1027 3301 1141 3361 nempe

205 3377 345 3438 curanda
355 3377 394 3438 sit
405 3375 508 3436 unitas
522 3373 733 3435 Ecclesiarum
744 3374 890 3452 nationis,
903 3376 992 3454 regni
1007 3376 1058 3436 vel
1071 3393 1142 3454 pro·

205 3469 326 3544 vincia,
342 3470 392 3529 vel
410 3468 464 3528 ubi
479 3465 643 3544 supplendi
659 3466 721 3528 sint
736 3467 875 3529 defectus
890 3469 941 3528 vel
960 3468 1141 3548 corrigendi

208 3575 351 3617 excessus
366 3562 647 3635 suffraganeorum,
662 3561 721 3618 eto.
