2540 4132
311 363 419 414 roaros
441 363 595 413 arnonus
614 361 698 412 sunu
719 359 875 412 amorrui.
1008 349 1067 412 lt'l

132 517 215 577 tunt.
229 511 280 575 Sin
289 509 488 590 reseriptum,
498 513 733 587 testamentum,
745 513 801 571 aut
809 509 948 589 legatum
960 509 1067 572 valere

132 608 239 687 potest
251 605 283 664 in
297 622 360 666 uno
377 604 524 682 capitulo,
542 607 574 664 et
587 621 651 665 non
671 603 703 664 in
724 603 823 665 altero
843 605 998 682 separato.
1016 603 1067 667 Sin

133 699 241 774 etiam,
263 716 328 778 rap.
351 699 399 773 lo,
421 695 457 756 ds
469 694 636 776 pretend„
657 696 851 775 approbatur
865 695 1020 758 sententia
1035 697 1067 757 in

131 809 207 868 uno,
220 793 253 852 et
264 788 612 868 reprobaturinaltero.
628 791 707 850 Item
719 788 863 866 donatio,
879 787 1040 869 fidejussio
1057 835 1065 866 ,

133 882 302 963 promissio
330 881 422 957 dotis,
456 881 540 944 valet
565 882 671 961 quoad
696 897 854 942 summam
880 879 1065 960 legitimam,

55 984 59 990 '
133 976 253 1038 oormit
265 991 341 1036 veru
357 973 461 1054 quoad
476 993 648 1036 excessum.
666 975 759 1036 Fallit
778 993 844 1054 reg.
859 974 934 1051 istu,
950 974 976 1035 si
993 975 1068 1037 utile

134 1073 166 1132 ot
179 1067 290 1130 inutile
300 1067 363 1130 sint
375 1067 541 1144 contraria,
556 1067 788 1147 inseparabilia,
808 1071 840 1129 et
854 1066 966 1128 vitium
984 1067 1016 1128 in
1033 1085 1068 1129 re

134 1162 327 1238 contineant,
342 1179 398 1221 seu
411 1160 649 1222 substantialem
664 1177 815 1222 erronem.

174 1257 224 1316 13·
247 1251 321 1316 Cum
341 1251 415 1334 quid
435 1251 621 1334 prohibetur,
645 1252 841 1334 probibentur
866 1254 974 1330 onmia
1003 1273 1069 1336 quar

131 1355 295 1429 sequuntw
308 1365 346 1408 en
360 1346 421 1408 illo.
440 1346 492 1408 Sin
509 1347 542 1406 in
563 1347 816 1427 quadragesima,
834 1347 991 1428 prohibitu
1013 1365 1069 1410 esu

133 1439 288 1517 earnium,
305 1439 593 1520 prohibenturova,
611 1443 642 1501 at
658 1439 826 1518 laetieinia,
850 1459 921 1521 quae
941 1439 1070 1502 trahunt

134 1533 290 1613 originem
305 1533 512 1594 sementinam
534 1551 573 1593 ex
592 1551 706 1607 oume;
733 1537 765 1595 et
780 1534 922 1613 privatus
943 1533 1066 1612 officio,

76 1681 79 1687 .
132 1626 277 1706 privatur
288 1624 385 1686 etiam
396 1624 560 1701 benefioio,
572 1626 657 1704 quod
667 1625 761 1687 datur
774 1630 904 1706 propter
912 1625 1067 1701 officium

133 1723 166 1782 et
192 1718 351 1798 prohibito
370 1717 509 1779 dominio
532 1717 708 1798 religiosis,
733 1718 918 1798 prohibetur
942 1737 1069 1800 qnoque

133 1811 262 1874 donatio
275 1855 283 1888 ,
298 1809 501 1872 commutatio
517 1855 525 1888 ,
541 1809 681 1873 venditio
695 1829 802 1873 rerum
822 1812 864 1874 aul
881 1829 975 1874 usum
994 1829 1070 1874 oon-

133 1921 305 1981 oessarum,
322 1906 381 1966 ete.
396 1901 512 1982 llxoipe
531 1921 579 1981 ea,
597 1921 667 1983 quas
681 1905 749 1966 lieri
769 1905 990 1983 probibentur,
1013 1905 1069 1966 sad

132 1998 221 2060 faeta
233 2000 352 2074 tonent,
372 1997 564 2076 elieotnsque
578 1997 688 2058 axillis
702 2001 873 2077 sequentes
882 2001 955 2059 sunt
968 1998 1043 2058 boni
1060 2015 1067 2056 :

132 2090 180 2154 sie
193 2090 279 2152 enim
291 2089 481 2152 oontrehens
495 2107 568 2150 oum
580 2090 680 2151 alters
694 2090 733 2150 de
743 2090 903 2168 prasenti,
916 2090 1001 2151 linito
1009 2089 1072 2150 uti-

131 2187 186 2247 tur
198 2182 413 2260 matrimonio,
430 2201 493 2244 nou
518 2181 714 2245 obstantibus
738 2182 896 2262 prioribus
916 2181 1071 2260 sponsali-

130 2277 246 2340 hasdo
262 2275 378 2338 liltore.
396 2277 471 2338 lisso
484 2293 551 2356 reg.
569 2275 740 2355 ampliatur
757 2275 804 2344 ‚aa
825 2273 1068 2336 antecedentia:

129 2369 245 2450 Aliquo
251 2366 415 2450 prohibito,
430 2387 512 2430 mnne
525 2368 559 2428 id
565 2367 753 2450 prohibetur,
765 2387 824 2450 por
847 2366 1072 2450 quodperusni-

132 2469 185 2522 tur
202 2461 244 2523 od
259 2459 344 2523 illud.
371 2461 492 2524 Gloss:
513 2462 587 2542 quia
601 2461 838 2539 oessanteflno,
863 2465 989 2524 esmant
1006 2477 1072 2522 me·

132 2555 187 2616 dia
213 2555 254 2615 ad
278 2554 366 2615 illud.
401 2555 492 2616 Unda
524 2555 573 2616 oui
602 2553 789 2634 prohibetur
812 2553 1069 2631 matrimonium,

130 2647 184 2709 vel
205 2648 294 2725 ordo,
325 2647 419 2708 etiam
434 2647 462 2708 ei
476 2648 687 2727 prohibentur
702 2647 877 2726 sponsalia,
900 2647 950 2708 vel
970 2645 1072 2724 prima

130 2743 276 2803 tonsura,

173 2835 225 2894 lt·
245 2834 444 2898 recemum
467 2842 607 2897 semrom
626 2834 710 2916 sequi
729 2831 867 2913 conpetit
880 2831 1069 2914 pmisospetis.
1133 2801 1220 2940 υἷι

133 2925 186 2990 Sio
200 2927 255 2988 ubi
270 2946 334 2990 non
355 2929 496 2992 subsistit
512 2927 759 3004 matrimonium,
781 2943 840 2988 neo
864 2925 907 2987 ibi
931 2931 979 2989 ost
993 2927 1069 3000 dos;

132 3019 208 3082 itam
224 3022 536 3100 potestesereeutiva
545 3021 655 3102 gratiss
667 3020 830 3100 suetoenon
841 3019 962 3098 expirat
971 3023 1072 3082 morte

134 3113 359 3189 concedentis3
388 3115 470 3176 bene
493 3133 568 3176 vero
597 3112 707 3194 gretia
735 3111 906 3194 sementim
938 3114 1013 3194 quia
1041 3113 1072 3172 in

134 3205 231 3284 priori
254 3225 330 3268 oasu
356 3211 496 3287 potestas
524 3211 572 3269 est
597 3206 772 3269 accessoria
788 3225 796 3281 ;
812 3206 844 3266 in
872 3208 972 3270 altero
996 3222 1072 3266 vero

135 3298 329 3378 principalis.
347 3301 439 3363 Fallit
452 3319 519 3380 reg.
535 3300 567 3360 in
585 3300 644 3378 his,
661 3300 693 3361 in
712 3299 825 3380 quibus
845 3300 886 3361 ob
905 3297 1074 3378 speeialem

134 3391 293 3454 rationem
307 3395 411 3472 valet,
429 3397 461 3456 et
474 3393 647 3456 sustinetur
663 3393 895 3469 necesso-rium,
912 3391 986 3452 lieet
998 3388 1075 3450 defl-

136 3484 200 3546 eiat
211 3487 385 3567 prinoipale
396 3533 405 3565 ,
418 3491 453 3550 ut
459 3487 675 3569 juramentum
684 3503 781 3566 super
790 3484 893 3548 usuris
903 3481 1072 3561 solvendis,

135 3579 187 3650 tol
201 3578 369 3644 abouando
385 3581 484 3643 fundo
504 3580 611 3644 dotali.
631 3583 710 3644 item
731 3578 923 3642 sustinentur
945 3575 1073 3658 legati,
