2518 4144
176 345 213 406 lo
383 356 614 404 rusrrrunouns
634 357 717 404 16616
740 355 895 402 canorum.

175 500 259 562 11166
279 499 648 562 6161611666616161161661.
669 501 725 560 lus
740 502 847 560 autem
865 496 1053 558 canonicum
1068 509 1112 558 est

173 594 485 676 66166116166661666
500 594 537 654 cb
551 592 742 654 ecclesiastica
758 590 933 652 auctoritate
946 591 1113 671 6666661116

175 695 204 750 61
216 686 388 769 approbetur
402 695 479 748 sunt.

215 783 266 844 vl.
282 783 470 842 Haecautem
478 779 559 859 juris
573 780 704 841 scientia
712 777 829 858 duplici
842 777 962 838 ratione
973 776 1111 858 66661611

175 877 288 952 potest,
301 872 447 934 videlicet
460 875 614 952 quatenus
628 875 675 932 est
687 870 844 932 theoretico
854 873 885 931 61
895 872 1050 949 quatenns
1063 872 1113 930 est

171 967 316 1047 practico.
333 966 422 1027 Unde
435 961 1113 1045 (11611636111116661666666161661116666616

170 1058 342 1138 6661166116.
375 1057 459 1120 Juris
488 1057 601 1136 peritia
626 1075 665 1118 ea
691 1060 823 1118 vocatur
854 1074 929 1134 pars
956 1053 1111 1132 legalium

176 1151 351 1213 studiorum
377 1169 447 1230 quae
471 1150 504 1212 in
529 1151 687 1212 abstracta
712 1150 819 1228 legum
844 1146 1110 1225 contemplatione

176 1247 336 1316 versatum
350 1243 430 1324 juris
443 1248 549 1305 autem
570 1243 738 1322 prudentia
752 1261 790 1302 ea
804 1245 852 1304 est
866 1258 936 1320 quae
948 1241 1035 1319 16366
1049 1259 1108 1320 pro

173 1335 268 1396 variis
301 1336 456 1397 factorum
491 1336 647 1416 adjunctis
682 1335 829 1414 applicat.
864 1331 1001 1394 Proinde
1028 1332 1110 1413 juris

173 1427 265 1506 periti
280 1431 327 1488 est
338 1427 424 1507 leges
436 1447 638 1508 cognoscere,
652 1429 732 1509 juris
745 1426 908 1506 prudentis
918 1429 1026 1487 autem
1039 1425 1110 1486 illas

175 1520 348 1599 prudenter
361 1521 531 1600 applicare.
548 1520 839 1597 Ρ61111611166116116,
854 1518 1023 1598 prudentia
1033 1536 1110 1580 vero

177 1613 207 1674 in
223 1632 283 1674 usu
298 1614 485 1694 adquiritur.

216 1708 281 1767 Vll.
298 1707 408 1766 Plures
422 1710 496 1768 sunt
508 1707 778 1769 denominationes
790 1705 870 1787 juris
885 1704 994 1766 nostri.
1009 1706 1112 1784 Leges

178 1798 324 1860 Ecclesiae
336 1797 1109 1880 16166666161666111616(11666166661,6166116-

179 1891 293 1952 simum
316 1891 532 1966 ecclesiasticen·
555 1911 616 1972 quo
631 1892 757 1953 nomine
781 1891 920 1952 Ecclesia
933 1891 1020 1970 16366
1037 1909 1111 1952 suas

179 2002 262 2062 saepe
278 1983 460 2046 nominavit.

216 2079 273 2139 lus
294 2078 479 2139 canonicum
494 2077 602 2139 stricte
623 2077 745 2138 definiri
764 2080 868 2156 potest
887 2097 893 2138 :
911 2075 1034 2136 66166116
1052 2095 1112 2156 qno

179 2170 648 2252 1616666166166166661166166166
662 2179 696 2232 61
701 2171 778 2251 juro
789 2170 941 2250 officiaque
955 2167 1115 2229 6161611661

175 2263 282 2343 666611
291 2263 533 2325 determinantur.
548 2264 638 2328 Unde
649 2263 858 2325 institutiones
874 2262 1034 2324 canonicae
1047 2261 1111 2322 dici

179 2359 310 2433 possunt
330 2374 337 2416 :
355 2356 492 2415 tractatio
510 2355 671 2437 scientifico
690 2355 724 2416 de
740 2355 901 2436 6616616116
920 2363 948 2416 61
965 2354 1115 2416 elementis

173 2447 256 2527 juris
263 2448 403 2510 66666161.
413 2448 555 2527 Cognitio
567 2467 643 2528 ergo
655 2467 750 2528 qnam
762 2448 1115 2528 inquirimus‚versatur

181 2540 214 2600 in
222 2539 346 2620 juribus
361 2543 393 2601 et
402 2540 511 2602 officiis
520 2540 680 2602 christiani
696 2540 821 2620 populi;
839 2545 870 2602 61
880 2541 941 2603 hoo
951 2541 1113 2622 estohjec

181 2636 250 2694 tum
263 2632 400 2694 scientiae
415 2636 540 2694 nostrae.

220 2728 299 2788 Vlll.
324 2727 372 2788 Ad
391 2730 569 2787 nostrarum
590 2726 822 2787 inst‘tutionum
840 2725 1042 2805 partitionem
1057 2727 1115 2788 de-

183 2819 375 2895 clarandam,
393 2819 485 2897 plura
497 2823 570 2881 sunt
585 2819 792 2897 praenotanda
808 2839 814 2880 :

180 3003 225 3065 ita
237 3007 269 3066 et
278 3004 429 3082 speciales
441 3005 542 3066 fontes
553 3005 635 3066 unde
651 3005 779 3084 propria
790 3004 916 3067 hauriat
925 3008 1116 3084 argumenta

180 3096 306 3174 habeat,
323 3102 512 3173 necesseest.
528 3097 991 3176 Philosophiahahetveritates
1004 3097 1116 3176 primi-

180 3189 260 3252 tivas
279 3193 430 3268 tanquam
448 3191 602 3269 principia
622 3194 653 3252 61
668 3190 768 3251 fontes
782 3190 866 3250 unde
888 3194 1010 3252 caeterae
1032 3190 1115 3250 deri-

179 3281 1114 3362 1661116,6611661616111611161111611611616616116611116661611-

179 3375 262 3437 tibus
277 3374 452 3437 derivandi.
465 3375 885 3454 Γ11166163161161161161111116
896 3374 1114 3454 Deitanqnam

180 3467 299 3530 fontem
307 3468 489 3547 generalem
500 3468 640 3528 omnium
652 3467 820 3530 veritatum
834 3467 917 3543 fidei,
935 3465 1115 3545 theologica

182 3563 289 3620 autom
321 3563 509 3639 argumenta
538 3563 689 3638 tanquam
717 3559 831 3619 modia.
864 3558 939 3618 Inde
966 3558 1116 3625 dixerunt
1234 3591 1240 3606 ·
