2518 4144
327 331 433 378 aaaron
455 333 608 378 susannis
633 331 716 378 rums
738 331 893 380 canonica
1035 321 1074 380 ll

181 478 252 538 Jam
267 493 354 552 vero,
372 475 404 535 in
422 475 494 555 jure
520 479 639 552 nostro,
654 493 820 554 supremus
841 475 986 556 princeps
1011 496 1075 540 non

141 571 236 634 datur
254 569 313 630 uisi
334 571 435 648 Papa3
458 569 542 630 unde
567 587 664 649 qaum
681 569 720 630 de
736 568 893 647 rescriptis
904 570 1072 650 loquimur,

139 663 267 742 papalia
276 663 429 741 rescripta
443 663 657 741 intelligimus,
676 682 732 722 seu
747 681 898 741 responsa
912 681 931 722 a
945 666 1073 726 Summo

138 757 290 818 Pontifice
304 756 426 834 scriptis
442 755 566 817 reddita
580 756 621 816 ad
636 755 769 836 alicujus
781 755 981 833 relationem,
1003 775 1075 836 pos-

137 849 340 925 tulationem,
366 849 637 928 supplicationem.

179 945 249 1014 Qua
273 942 375 1020 posita
398 942 589 1019 definitione,
601 942 669 1022 jam
691 943 906 1024 unusquisque
930 943 1075 1022 intelligit

137 1036 307 1098 essentiam
329 1035 470 1114 rescripti
488 1054 556 1096 esse
572 1035 739 1097 essentiam
760 1036 924 1117 cujusdam
944 1055 1075 1115 respon-

135 1129 245 1206 sioniS,
260 1147 328 1208 quea
344 1147 456 1207 nempe
466 1133 533 1190 tota
545 1129 733 1190 relativaost
745 1129 898 1208 petitioni,
916 1129 1070 1208 relationi,

136 1222 371 1298 consultationi,
398 1240 467 1301 qnae
490 1221 574 1283 facta
594 1222 705 1296 fuerit;
728 1241 783 1283 seu
805 1223 1073 1302 quemadmodum

134 1316 391 1395 interrogationi,
415 1315 546 1378 relativa
562 1319 610 1378 est
629 1316 806 1395 responsio,
827 1317 871 1377 sic
886 1316 1072 1397 rescriptum

134 1409 291 1490 petitioni,
309 1408 464 1486 relationi,
482 1413 541 1470 etc.

175 1505 214 1564 ll.
230 1501 275 1562 Dr
287 1503 495 1582 rescriptorum
509 1503 617 1582 serora.
631 1502 772 1566 -Unde
786 1503 936 1563 resultare
947 1502 1072 1566 ridetur

134 1596 361 1674 rescriptorum
387 1595 521 1656 formam
537 1595 663 1657 omnino
685 1595 853 1675 analogam
872 1614 939 1656 esse
961 1595 1071 1658 lormae

133 1687 1072 1768 supplicumlibellorum,quiprincipiadrescribeadumpra·

133 1785 306 1862 ponuntur.
318 1782 456 1860 Supplex
465 1781 658 1842 autemliber
666 1781 766 1843 trihus
777 1785 898 1844 constat
908 1781 1049 1860 partibus
1061 1801 1068 1842 :

176 1879 208 1936 13
230 1879 319 1953 parte
333 1875 501 1951 narrative,
525 1875 556 1936 in
573 1892 636 1955 qua
657 1875 788 1954 supplex
801 1875 884 1936 lacta
904 1873 1068 1953 proponit;

176 1973 207 2029 23
228 1971 316 2046 parte
329 1967 541 2048 postulatoria,
561 1967 593 2027 in
611 1986 674 2048 qua
692 1968 858 2046 petitiones
879 1986 951 2029 suas
970 1965 1071 2027 mani-

133 2064 244 2135 festat;

175 2158 207 2215 33
229 2158 317 2232 perte
333 2153 497 2233 impulsiva,
516 2153 548 2212 in
563 2172 636 2232 qua,
653 2152 826 2214 rationibus
840 2153 995 2227 adductis,
1018 2171 1071 2213 co-

133 2251 231 2309 natur
244 2247 394 2308 inclinare
417 2265 580 2307 assensum
599 2246 749 2324 principis
764 2245 804 2305 ad
819 2245 1067 2306 rescribendum.

177 2341 228 2402 Sic
250 2341 288 2400 de
309 2341 441 2418 supplici
457 2340 573 2417 libello,
590 2339 635 2400 ita
654 2343 685 2400 et
705 2339 744 2400 de
765 2337 936 2417 rescripto,
955 2336 987 2398 in
1007 2357 1069 2418 quo

133 2453 249 2512 nempe
273 2433 322 2494 hae
343 2438 407 2494 tres
436 2433 551 2494 adsunt
575 2437 681 2511 partes
703 2432 803 2494 tribus
826 2432 886 2492 illis
915 2432 1067 2511 partibus,

134 2546 214 2608 quas
226 2527 258 2586 in
272 2527 354 2588 dicto
370 2527 475 2588 libello
488 2526 719 2603 adnotavimm,
737 2526 962 2605 respondentes
980 2547 986 2586 :

175 2619 281 2680 Prima
295 2639 379 2698 pars,
398 2637 467 2699 ques
485 2619 652 2682 narretivae
667 2620 837 2698 respondet
848 2623 879 2680 et
893 2620 1005 2678 cadem
1016 2637 1069 2680 na·

132 2713 218 2774 mino
234 2713 403 2792 significari
413 2715 527 2791 potest,
544 2712 714 2773 summarie
725 2712 892 2774 reassumit
906 2711 1070 2773 historiam

131 2807 206 2868 facti
219 2825 239 2866 a
252 2806 447 2884 supplicante
462 2805 624 2884 propositi.

175 2899 322 2962 Secunda
353 2917 444 2977 pars,
472 2917 568 2978 quam
596 2897 796 2978 dispositr‘cam
827 2917 1066 2978 nuncupamus,

132 3011 268 3072 quaequc
281 2981 494 3070 postulatoriae
514 2991 663 3070 supplicis
677 2991 773 3052 libelli
790 2991 872 3070 parti
887 2993 1066 3070 respondet,

131 3087 172 3147 de
187 3105 222 3146 rc
242 3085 395 3163 disponit,
415 3087 447 3146 et
460 3083 493 3143 in
508 3103 547 3144 ea
565 3084 711 3163 princeps
724 3103 814 3145 suam
832 3085 1068 3164 dispositionem

130 3178 332 3240 manifestam
349 3178 439 3255 facit,
458 3196 514 3238 seu
534 3177 671 3238 admittit
695 3179 745 3238 vel
768 3173 1068 3258 rejicit'petitionem

130 3271 348 3351 supplicantis.

171 3364 279 3426 Tertia
299 3383 388 3442 pars,
412 3382 481 3443 quae
500 3363 674 3441 impulsivae
694 3365 878 3443 respondet,
898 3362 1069 3423 acerrimas

131 3463 193 3535 est,
217 3458 250 3518 in
272 3476 373 3537 eaque
396 3457 551 3536 princeps,
576 3455 750 3519 rationibus
768 3457 893 3532 additis,
912 3453 1067 3535 justitiam

130 3570 197 3616 suae
212 3550 424 3630 responsionis
434 3551 637 3611 demonstrat.
