<?xml version="1.0" encoding="UTF-8"?>
<!DOCTYPE html PUBLIC "-//W3C//DTD XHTML 1.0 Transitional//EN"
    "http://www.w3.org/TR/xhtml1/DTD/xhtml1-transitional.dtd">
<html xmlns="http://www.w3.org/1999/xhtml" xml:lang="en" lang="en">
 <head>
  <title>
</title>
<meta http-equiv="Content-Type" content="text/html;charset=utf-8" />
  <meta name='ocr-system' content='tesseract 3.04.00' />
  <meta name='ocr-capabilities' content='ocr_page ocr_carea ocr_par ocr_line ocrx_word'/>
</head>
<body>
  <div class='ocr_page' id='page_1' title='image "./institutionesju03marigoog_0060.png"; bbox 0 0 2518 4144; ppageno 0'>
   <div class='ocr_carea' id='block_1_1' title="bbox 203 323 924 383">
    <p class='ocr_par' dir='ltr' id='par_1_1' title="bbox 203 323 924 383">
     <span class='ocr_line' id='line_1_1' title="bbox 203 323 924 383; baseline -0.007 0"><span class='ocrx_word' id='word_1_1' title='bbox 203 323 243 383; x_wconf 82' lang='grc'><strong>50</strong></span> <span class='ocrx_word' id='word_1_2' title='bbox 415 331 644 379; x_wconf 81' lang='lat' dir='ltr'><strong>Insrlrurrorns</strong></span> <span class='ocrx_word' id='word_1_3' title='bbox 664 333 747 378; x_wconf 82' lang='lat' dir='ltr'><strong>tutus</strong></span> <span class='ocrx_word' id='word_1_4' title='bbox 769 333 924 378; x_wconf 75' lang='lat' dir='ltr'><strong>cancrum.</strong></span> 
     </span>
    </p>
   </div>
   <div class='ocr_carea' id='block_1_2' title="bbox 203 475 1145 1024">
    <p class='ocr_par' dir='ltr' id='par_1_2' title="bbox 203 475 1145 930">
     <span class='ocr_line' id='line_1_2' title="bbox 203 475 1145 557; baseline -0.002 -17"><span class='ocrx_word' id='word_1_5' title='bbox 203 479 337 554; x_wconf 90' lang='lat' dir='ltr'><strong>n&#39;mum,</strong></span> <span class='ocrx_word' id='word_1_6' title='bbox 367 477 503 538; x_wconf 87' lang='lat' dir='ltr'><strong>rationes</strong></span> <span class='ocrx_word' id='word_1_7' title='bbox 532 481 564 541; x_wconf 90' lang='lat' dir='ltr'><strong>et</strong></span> <span class='ocrx_word' id='word_1_8' title='bbox 594 477 712 539; x_wconf 87' lang='lat' dir='ltr'><strong>motiva</strong></span> <span class='ocrx_word' id='word_1_9' title='bbox 740 477 853 557; x_wconf 89' lang='lat' dir='ltr'><strong>quibus</strong></span> <span class='ocrx_word' id='word_1_10' title='bbox 879 477 948 556; x_wconf 88' lang='lat' dir='ltr'><strong>ipsa</strong></span> <span class='ocrx_word' id='word_1_11' title='bbox 973 475 1145 556; x_wconf 84' lang='lat' dir='ltr'><strong>dispositio</strong></span> 
     </span>
     <span class='ocr_line' id='line_1_3' title="bbox 205 569 1145 650; baseline -0.002 -18"><span class='ocrx_word' id='word_1_12' title='bbox 205 571 322 647; x_wconf 91' lang='lat' dir='ltr'><strong>nititur,</strong></span> <span class='ocrx_word' id='word_1_13' title='bbox 336 569 495 632; x_wconf 90' lang='lat' dir='ltr'><strong>deducunt</strong></span> <span class='ocrx_word' id='word_1_14' title='bbox 506 571 691 650; x_wconf 76' lang='lat' dir='ltr'><strong>scriptisque</strong></span> <span class='ocrx_word' id='word_1_15' title='bbox 707 571 860 644; x_wconf 84' lang='lat' dir='ltr'><strong>reddunt3</strong></span> <span class='ocrx_word' id='word_1_16' title='bbox 877 569 959 629; x_wconf 89' lang='lat' dir='ltr'><strong>unde</strong></span> <span class='ocrx_word' id='word_1_17' title='bbox 971 573 1063 648; x_wconf 87' lang='lat' dir='ltr'><strong>patet</strong></span> <span class='ocrx_word' id='word_1_18' title='bbox 1073 570 1145 630; x_wconf 86' lang='lat' dir='ltr'><strong>haec</strong></span> 
     </span>
     <span class='ocr_line' id='line_1_4' title="bbox 205 663 1145 742; baseline -0.004 -16"><span class='ocrx_word' id='word_1_19' title='bbox 205 664 322 726; x_wconf 89' lang='lat' dir='ltr'><strong>motiva</strong></span> <span class='ocrx_word' id='word_1_20' title='bbox 331 681 393 724; x_wconf 91' lang='lat' dir='ltr'><strong>non</strong></span> <span class='ocrx_word' id='word_1_21' title='bbox 404 683 529 742; x_wconf 80' lang='lat' dir='ltr'><strong>semper</strong></span> <span class='ocrx_word' id='word_1_22' title='bbox 536 683 619 724; x_wconf 85' lang='lat' dir='ltr'><strong>verae</strong></span> <span class='ocrx_word' id='word_1_23' title='bbox 630 664 830 724; x_wconf 82' lang='lat' dir='ltr'><strong>rescribentis</strong></span> <span class='ocrx_word' id='word_1_24' title='bbox 839 663 1003 724; x_wconf 88' lang='lat' dir='ltr'><strong>intentioni</strong></span> <span class='ocrx_word' id='word_1_25' title='bbox 1013 682 1145 742; x_wconf 87' lang='lat' dir='ltr'><strong>respou-</strong></span> 
     </span>
     <span class='ocr_line' id='line_1_5' title="bbox 206 756 1144 836; baseline -0.003 -17"><span class='ocrx_word' id='word_1_26' title='bbox 206 759 290 820; x_wconf 86' lang='lat' dir='ltr'><strong>dere.</strong></span> <span class='ocrx_word' id='word_1_27' title='bbox 304 759 338 818; x_wconf 94' lang='lat' dir='ltr'><strong>ln</strong></span> <span class='ocrx_word' id='word_1_28' title='bbox 354 757 421 818; x_wconf 90' lang='lat' dir='ltr'><strong>sola</strong></span> <span class='ocrx_word' id='word_1_29' title='bbox 430 757 527 835; x_wconf 89' lang='lat' dir='ltr'><strong>igitur</strong></span> <span class='ocrx_word' id='word_1_30' title='bbox 536 757 719 835; x_wconf 86' lang='lat' dir='ltr'><strong>dispositiva</strong></span> <span class='ocrx_word' id='word_1_31' title='bbox 733 761 821 836; x_wconf 89' lang='lat' dir='ltr'><strong>parte</strong></span> <span class='ocrx_word' id='word_1_32' title='bbox 836 756 977 834; x_wconf 79' lang='lat' dir='ltr'><strong>rescripti</strong></span> <span class='ocrx_word' id='word_1_33' title='bbox 992 756 1144 818; x_wconf 86' lang='lat' dir='ltr'><strong>substan-</strong></span> 
     </span>
     <span class='ocr_line' id='line_1_6' title="bbox 205 849 960 930; baseline -0.004 -17"><span class='ocrx_word' id='word_1_34' title='bbox 205 851 249 913; x_wconf 86' lang='lat' dir='ltr'><strong>tia</strong></span> <span class='ocrx_word' id='word_1_35' title='bbox 261 850 412 913; x_wconf 85' lang='lat' dir='ltr'><strong>contineri</strong></span> <span class='ocrx_word' id='word_1_36' title='bbox 427 850 564 911; x_wconf 89' lang='lat' dir='ltr'><strong>tenenda</strong></span> <span class='ocrx_word' id='word_1_37' title='bbox 579 854 635 927; x_wconf 88' lang='lat' dir='ltr'><strong>est,</strong></span> <span class='ocrx_word' id='word_1_38' title='bbox 653 850 724 912; x_wconf 89' lang='lat' dir='ltr'><strong>idco</strong></span> <span class='ocrx_word' id='word_1_39' title='bbox 736 851 802 911; x_wconf 88' lang='lat' dir='ltr'><strong>sola</strong></span> <span class='ocrx_word' id='word_1_40' title='bbox 813 850 865 930; x_wconf 87' lang='lat' dir='ltr'><strong>jus</strong></span> <span class='ocrx_word' id='word_1_41' title='bbox 875 849 960 910; x_wconf 90' lang='lat' dir='ltr'><strong>facit.</strong></span> 
     </span>
    </p>

    <p class='ocr_par' dir='ltr' id='par_1_3' title="bbox 245 941 1144 1024">
     <span class='ocr_line' id='line_1_7' title="bbox 245 941 1144 1024; baseline -0.004 -19"><span class='ocrx_word' id='word_1_42' title='bbox 245 947 277 1005; x_wconf 87' lang='lat'><strong>3⁰</strong></span> <span class='ocrx_word' id='word_1_43' title='bbox 298 943 484 1023; x_wconf 76' lang='lat' dir='ltr'><strong>Itescrtptnm</strong></span> <span class='ocrx_word' id='word_1_44' title='bbox 497 942 533 1003; x_wconf 86' lang='lat' dir='ltr'><strong>de</strong></span> <span class='ocrx_word' id='word_1_45' title='bbox 545 962 573 1003; x_wconf 85' lang='lat' dir='ltr'><strong>se</strong></span> <span class='ocrx_word' id='word_1_46' title='bbox 587 944 756 1024; x_wconf 83' lang='lat' dir='ltr'><strong>nuttnmjns</strong></span> <span class='ocrx_word' id='word_1_47' title='bbox 769 943 855 1024; x_wconf 79' lang='lat' dir='ltr'><strong>facit,</strong></span> <span class='ocrx_word' id='word_1_48' title='bbox 871 942 898 1002; x_wconf 80' lang='lat' dir='ltr'><strong>st</strong></span> <span class='ocrx_word' id='word_1_49' title='bbox 908 942 972 1022; x_wconf 70' lang='lat' dir='ltr'><strong>apso</strong></span> <span class='ocrx_word' id='word_1_50' title='bbox 992 941 1144 1021; x_wconf 78' lang='lat' dir='ltr'><strong>secturam</strong></span> 
     </span>
    </p>
   </div>
   <div class='ocr_carea' id='block_1_3' title="bbox 206 1033 1241 1118">
    <p class='ocr_par' dir='ltr' id='par_1_4' title="bbox 206 1033 1241 1118">
     <span class='ocr_line' id='line_1_8' title="bbox 206 1033 1241 1118; baseline -0.003 -20"><span class='ocrx_word' id='word_1_51' title='bbox 206 1038 347 1118; x_wconf 57' lang='lat' dir='ltr'><strong>effrenato</strong></span> <span class='ocrx_word' id='word_1_52' title='bbox 375 1056 432 1096; x_wconf 88' lang='lat' dir='ltr'><strong>non</strong></span> <span class='ocrx_word' id='word_1_53' title='bbox 459 1037 660 1118; x_wconf 82' lang='lat' dir='ltr'><strong>respondeant,</strong></span> <span class='ocrx_word' id='word_1_54' title='bbox 678 1037 781 1097; x_wconf 84' lang='lat' dir='ltr'><strong>saltent</strong></span> <span class='ocrx_word' id='word_1_55' title='bbox 808 1035 906 1118; x_wconf 79' lang='lat' dir='ltr'><strong>quoad</strong></span> <span class='ocrx_word' id='word_1_56' title='bbox 923 1035 1142 1110; x_wconf 81' lang='lat' dir='ltr'><strong>substantialia,</strong></span> <span class='ocrx_word' id='word_1_57' title='bbox 1240 1033 1241 1066; x_wconf 63' lang='lat'><strong>³</strong></span> 
     </span>
    </p>
   </div>
   <div class='ocr_carea' id='block_1_4' title="bbox 207 1129 1143 1397">
    <p class='ocr_par' dir='ltr' id='par_1_5' title="bbox 207 1129 1143 1397">
     <span class='ocr_line' id='line_1_9' title="bbox 207 1129 1143 1211; baseline -0.002 -19"><span class='ocrx_word' id='word_1_58' title='bbox 207 1131 375 1192; x_wconf 82' lang='lat' dir='ltr'><strong>nnrrntconr&#39;</strong></span> <span class='ocrx_word' id='word_1_59' title='bbox 384 1149 450 1211; x_wconf 85' lang='lat' dir='ltr'><strong>qnoe</strong></span> <span class='ocrx_word' id='word_1_60' title='bbox 462 1131 635 1192; x_wconf 80' lang='lat' dir='ltr'><strong>rescribenti</strong></span> <span class='ocrx_word' id='word_1_61' title='bbox 646 1130 708 1211; x_wconf 77' lang='lat' dir='ltr'><strong>fnit</strong></span> <span class='ocrx_word' id='word_1_62' title='bbox 716 1130 882 1211; x_wconf 82' lang='lat' dir='ltr'><strong>proposito.</strong></span> <span class='ocrx_word' id='word_1_63' title='bbox 893 1129 1031 1190; x_wconf 89' lang='lat' dir='ltr'><strong>-Ratio</strong></span> <span class='ocrx_word' id='word_1_64' title='bbox 1048 1129 1143 1210; x_wconf 86' lang='lat' dir='ltr'><strong>hujus</strong></span> 
     </span>
     <span class='ocr_line' id='line_1_10' title="bbox 209 1223 1143 1304; baseline -0.002 -18"><span class='ocrx_word' id='word_1_65' title='bbox 209 1224 291 1286; x_wconf 88' lang='lat' dir='ltr'><strong>tertii</strong></span> <span class='ocrx_word' id='word_1_66' title='bbox 317 1224 473 1285; x_wconf 81' lang='lat' dir='ltr'><strong>corollarii</strong></span> <span class='ocrx_word' id='word_1_67' title='bbox 488 1227 535 1285; x_wconf 88' lang='lat' dir='ltr'><strong>est</strong></span> <span class='ocrx_word' id='word_1_68' title='bbox 550 1225 624 1304; x_wconf 88' lang='lat' dir='ltr'><strong>quia</strong></span> <span class='ocrx_word' id='word_1_69' title='bbox 644 1224 734 1285; x_wconf 91' lang='lat' dir='ltr'><strong>sicuti</strong></span> <span class='ocrx_word' id='word_1_70' title='bbox 758 1223 918 1302; x_wconf 91' lang='lat' dir='ltr'><strong>responsio</strong></span> <span class='ocrx_word' id='word_1_71' title='bbox 940 1223 1080 1302; x_wconf 79' lang='lat' dir='ltr'><strong>analoga</strong></span> <span class='ocrx_word' id='word_1_72' title='bbox 1096 1227 1143 1284; x_wconf 90' lang='lat' dir='ltr'><strong>est</strong></span> 
     </span>
     <span class='ocr_line' id='line_1_11' title="bbox 207 1316 1142 1397; baseline -0.003 -19"><span class='ocrx_word' id='word_1_73' title='bbox 207 1317 455 1397; x_wconf 85' lang='lat' dir='ltr'><strong>interrogationi,</strong></span> <span class='ocrx_word' id='word_1_74' title='bbox 472 1318 517 1378; x_wconf 90' lang='lat' dir='ltr'><strong>ita</strong></span> <span class='ocrx_word' id='word_1_75' title='bbox 530 1319 676 1379; x_wconf 85' lang='lat' dir='ltr'><strong>voluntas</strong></span> <span class='ocrx_word' id='word_1_76' title='bbox 695 1317 894 1378; x_wconf 85' lang='lat' dir='ltr'><strong>rescribentis</strong></span> <span class='ocrx_word' id='word_1_77' title='bbox 907 1335 974 1377; x_wconf 89' lang='lat' dir='ltr'><strong>sese</strong></span> <span class='ocrx_word' id='word_1_78' title='bbox 989 1316 1089 1376; x_wconf 88' lang='lat' dir='ltr'><strong>refert</strong></span> <span class='ocrx_word' id='word_1_79' title='bbox 1103 1316 1142 1376; x_wconf 91' lang='lat' dir='ltr'><strong>ad</strong></span> 
     </span>
    </p>
   </div>
   <div class='ocr_carea' id='block_1_5' title="bbox 207 1407 1242 1490">
    <p class='ocr_par' dir='ltr' id='par_1_6' title="bbox 207 1407 1242 1490">
     <span class='ocr_line' id='line_1_12' title="bbox 207 1407 1242 1490; baseline -0.003 -19"><span class='ocrx_word' id='word_1_80' title='bbox 207 1411 295 1472; x_wconf 92' lang='lat' dir='ltr'><strong>illum</strong></span> <span class='ocrx_word' id='word_1_81' title='bbox 322 1429 431 1472; x_wconf 89' lang='lat' dir='ltr'><strong>casum</strong></span> <span class='ocrx_word' id='word_1_82' title='bbox 459 1410 669 1489; x_wconf 85' lang='lat' dir='ltr'><strong>propositum,</strong></span> <span class='ocrx_word' id='word_1_83' title='bbox 694 1413 788 1490; x_wconf 92' lang='lat' dir='ltr'><strong>prout</strong></span> <span class='ocrx_word' id='word_1_84' title='bbox 811 1429 922 1472; x_wconf 86' lang='lat' dir='ltr'><strong>revera</strong></span> <span class='ocrx_word' id='word_1_85' title='bbox 946 1409 1142 1488; x_wconf 89' lang='lat' dir='ltr'><strong>propositum</strong></span> <span class='ocrx_word' id='word_1_86' title='bbox 1241 1407 1242 1410; x_wconf 70' lang='grc'>’</span> 
     </span>
    </p>
   </div>
   <div class='ocr_carea' id='block_1_6' title="bbox 208 1502 1143 2980">
    <p class='ocr_par' dir='ltr' id='par_1_7' title="bbox 208 1502 1143 1844">
     <span class='ocr_line' id='line_1_13' title="bbox 208 1502 1142 1583; baseline -0.003 -19"><span class='ocrx_word' id='word_1_87' title='bbox 208 1507 265 1566; x_wconf 89' lang='lat' dir='ltr'><strong>est.</strong></span> <span class='ocrx_word' id='word_1_88' title='bbox 296 1503 470 1564; x_wconf 88' lang='lat' dir='ltr'><strong>Immutatis</strong></span> <span class='ocrx_word' id='word_1_89' title='bbox 503 1522 578 1566; x_wconf 84' lang='lat' dir='ltr'><strong>vero</strong></span> <span class='ocrx_word' id='word_1_90' title='bbox 613 1503 717 1583; x_wconf 91' lang='lat' dir='ltr'><strong>quoad</strong></span> <span class='ocrx_word' id='word_1_91' title='bbox 751 1503 957 1564; x_wconf 85' lang='lat' dir='ltr'><strong>substantiam</strong></span> <span class='ocrx_word' id='word_1_92' title='bbox 985 1502 1142 1563; x_wconf 79' lang='lat' dir='ltr'><strong>factorum</strong></span> 
     </span>
     <span class='ocr_line' id='line_1_14' title="bbox 208 1593 1143 1677; baseline -0.004 -19"><span class='ocrx_word' id='word_1_93' title='bbox 208 1596 382 1677; x_wconf 87' lang='lat' dir='ltr'><strong>adjunctis,</strong></span> <span class='ocrx_word' id='word_1_94' title='bbox 399 1597 524 1658; x_wconf 88' lang='lat' dir='ltr'><strong>diversa</strong></span> <span class='ocrx_word' id='word_1_95' title='bbox 541 1597 702 1675; x_wconf 89' lang='lat' dir='ltr'><strong>responsio</strong></span> <span class='ocrx_word' id='word_1_96' title='bbox 725 1597 815 1658; x_wconf 87' lang='lat' dir='ltr'><strong>foret.</strong></span> <span class='ocrx_word' id='word_1_97' title='bbox 832 1596 922 1658; x_wconf 88' lang='lat' dir='ltr'><strong>Unde</strong></span> <span class='ocrx_word' id='word_1_98' title='bbox 946 1598 1034 1674; x_wconf 87' lang='lat' dir='ltr'><strong>patet</strong></span> <span class='ocrx_word' id='word_1_99' title='bbox 1058 1593 1143 1674; x_wconf 89' lang='lat' dir='ltr'><strong>quod</strong></span> 
     </span>
     <span class='ocr_line' id='line_1_15' title="bbox 209 1689 1142 1770; baseline -0.002 -20"><span class='ocrx_word' id='word_1_100' title='bbox 209 1690 241 1750; x_wconf 92' lang='lat' dir='ltr'><strong>in</strong></span> <span class='ocrx_word' id='word_1_101' title='bbox 251 1690 305 1751; x_wconf 89' lang='lat' dir='ltr'><strong>tali</strong></span> <span class='ocrx_word' id='word_1_102' title='bbox 320 1709 394 1750; x_wconf 91' lang='lat' dir='ltr'><strong>casu</strong></span> <span class='ocrx_word' id='word_1_103' title='bbox 406 1691 592 1769; x_wconf 87' lang='lat' dir='ltr'><strong>rescriptum</strong></span> <span class='ocrx_word' id='word_1_104' title='bbox 603 1709 666 1751; x_wconf 91' lang='lat' dir='ltr'><strong>non</strong></span> <span class='ocrx_word' id='word_1_105' title='bbox 678 1689 880 1770; x_wconf 86' lang='lat' dir='ltr'><strong>praesumitur</strong></span> <span class='ocrx_word' id='word_1_106' title='bbox 898 1689 1015 1750; x_wconf 89' lang='lat' dir='ltr'><strong>habere</strong></span> <span class='ocrx_word' id='word_1_107' title='bbox 1029 1707 1088 1767; x_wconf 93' lang='lat' dir='ltr'><strong>pro</strong></span> <span class='ocrx_word' id='word_1_108' title='bbox 1111 1705 1142 1748; x_wconf 89' lang='lat' dir='ltr'><strong>sc</strong></span> 
     </span>
     <span class='ocr_line' id='line_1_16' title="bbox 214 1783 630 1844; baseline 0 0"><span class='ocrx_word' id='word_1_109' title='bbox 214 1784 407 1844; x_wconf 86' lang='lat' dir='ltr'><strong>voluntatem</strong></span> <span class='ocrx_word' id='word_1_110' title='bbox 420 1783 630 1844; x_wconf 87' lang='lat' dir='ltr'><strong>rescribentis.</strong></span> 
     </span>
    </p>

    <p class='ocr_par' dir='ltr' id='par_1_8' title="bbox 208 1873 1143 2887">
     <span class='ocr_line' id='line_1_17' title="bbox 250 1873 1141 1957; baseline -0.001 -20"><span class='ocrx_word' id='word_1_111' title='bbox 250 1875 339 1937; x_wconf 87' lang='lat' dir='ltr'><strong>Unde</strong></span> <span class='ocrx_word' id='word_1_112' title='bbox 355 1875 449 1936; x_wconf 87' lang='lat' dir='ltr'><strong>etiam</strong></span> <span class='ocrx_word' id='word_1_113' title='bbox 464 1875 663 1945; x_wconf 84' lang='lat' dir='ltr'><strong>inferendum</strong></span> <span class='ocrx_word' id='word_1_114' title='bbox 678 1877 737 1939; x_wconf 88' lang='lat' dir='ltr'><strong>erit</strong></span> <span class='ocrx_word' id='word_1_115' title='bbox 749 1877 791 1957; x_wconf 85' lang='lat' dir='ltr'><strong>(et</strong></span> <span class='ocrx_word' id='word_1_116' title='bbox 801 1877 860 1938; x_wconf 92' lang='lat' dir='ltr'><strong>hoc</strong></span> <span class='ocrx_word' id='word_1_117' title='bbox 871 1873 1046 1954; x_wconf 83' lang='lat' dir='ltr'><strong>inutraque</strong></span> <span class='ocrx_word' id='word_1_118' title='bbox 1059 1875 1141 1956; x_wconf 85' lang='lat' dir='ltr'><strong>jure,</strong></span> 
     </span>
     <span class='ocr_line' id='line_1_18' title="bbox 210 1968 1142 2050; baseline -0.002 -20"><span class='ocrx_word' id='word_1_119' title='bbox 210 1968 293 2030; x_wconf 90' lang='lat' dir='ltr'><strong>civili</strong></span> <span class='ocrx_word' id='word_1_120' title='bbox 322 1986 434 2046; x_wconf 89' lang='lat' dir='ltr'><strong>nempe</strong></span> <span class='ocrx_word' id='word_1_121' title='bbox 463 1972 494 2030; x_wconf 87' lang='lat' dir='ltr'><strong>ct</strong></span> <span class='ocrx_word' id='word_1_122' title='bbox 518 1969 681 2049; x_wconf 90' lang='lat' dir='ltr'><strong>canonico)</strong></span> <span class='ocrx_word' id='word_1_123' title='bbox 707 1971 791 2050; x_wconf 88' lang='lat' dir='ltr'><strong>quod</strong></span> <span class='ocrx_word' id='word_1_124' title='bbox 806 1989 882 2031; x_wconf 89' lang='lat' dir='ltr'><strong>vera</strong></span> <span class='ocrx_word' id='word_1_125' title='bbox 903 1968 1057 2048; x_wconf 91' lang='lat' dir='ltr'><strong>rescripta</strong></span> <span class='ocrx_word' id='word_1_126' title='bbox 1071 1969 1142 2029; x_wconf 91' lang='lat' dir='ltr'><strong>sub-</strong></span> 
     </span>
     <span class='ocr_line' id='line_1_19' title="bbox 209 2061 1139 2142; baseline -0.002 -19"><span class='ocrx_word' id='word_1_127' title='bbox 209 2061 399 2124; x_wconf 88' lang='lat' dir='ltr'><strong>intellectam</strong></span> <span class='ocrx_word' id='word_1_128' title='bbox 410 2062 546 2123; x_wconf 88' lang='lat' dir='ltr'><strong>habeant</strong></span> <span class='ocrx_word' id='word_1_129' title='bbox 561 2063 744 2140; x_wconf 84' lang='lat' dir='ltr'><strong>clausulam,</strong></span> <span class='ocrx_word' id='word_1_130' title='bbox 763 2065 787 2123; x_wconf 93' lang='lat' dir='ltr'><strong>si</strong></span> <span class='ocrx_word' id='word_1_131' title='bbox 802 2083 879 2124; x_wconf 88' lang='lat' dir='ltr'><strong>vera</strong></span> <span class='ocrx_word' id='word_1_132' title='bbox 894 2063 955 2124; x_wconf 89' lang='lat' dir='ltr'><strong>sint</strong></span> <span class='ocrx_word' id='word_1_133' title='bbox 965 2063 1139 2142; x_wconf 83' lang='lat' dir='ltr'><strong>proposita.</strong></span> 
     </span>
     <span class='ocr_line' id='line_1_20' title="bbox 210 2156 1141 2237; baseline -0.001 -20"><span class='ocrx_word' id='word_1_134' title='bbox 210 2158 408 2235; x_wconf 81' lang='lat' dir='ltr'><strong>Quapropter</strong></span> <span class='ocrx_word' id='word_1_135' title='bbox 431 2159 553 2217; x_wconf 90' lang='lat' dir='ltr'><strong>constat</strong></span> <span class='ocrx_word' id='word_1_136' title='bbox 567 2175 663 2234; x_wconf 88' lang='lat' dir='ltr'><strong>penes</strong></span> <span class='ocrx_word' id='word_1_137' title='bbox 685 2157 848 2236; x_wconf 89' lang='lat' dir='ltr'><strong>utriusque</strong></span> <span class='ocrx_word' id='word_1_138' title='bbox 866 2157 947 2237; x_wconf 86' lang='lat' dir='ltr'><strong>juris</strong></span> <span class='ocrx_word' id='word_1_139' title='bbox 970 2156 1141 2231; x_wconf 89' lang='lat' dir='ltr'><strong>consultos,</strong></span> 
     </span>
     <span class='ocr_line' id='line_1_21' title="bbox 210 2247 1142 2330; baseline -0.004 -18"><span class='ocrx_word' id='word_1_140' title='bbox 210 2250 295 2330; x_wconf 86' lang='lat' dir='ltr'><strong>quod</strong></span> <span class='ocrx_word' id='word_1_141' title='bbox 316 2249 342 2309; x_wconf 91' lang='lat' dir='ltr'><strong>si</strong></span> <span class='ocrx_word' id='word_1_142' title='bbox 354 2250 500 2328; x_wconf 92' lang='lat' dir='ltr'><strong>precibus</strong></span> <span class='ocrx_word' id='word_1_143' title='bbox 515 2250 555 2310; x_wconf 93' lang='lat' dir='ltr'><strong>sit</strong></span> <span class='ocrx_word' id='word_1_144' title='bbox 570 2249 693 2330; x_wconf 84' lang='lat' dir='ltr'><strong>adjecta</strong></span> <span class='ocrx_word' id='word_1_145' title='bbox 708 2251 837 2327; x_wconf 67' lang='lat' dir='ltr'><strong>falsitas</strong></span> <span class='ocrx_word' id='word_1_146' title='bbox 855 2251 940 2330; x_wconf 89' lang='lat' dir='ltr'><strong>quod</strong></span> <span class='ocrx_word' id='word_1_147' title='bbox 955 2247 1142 2328; x_wconf 82' lang='lat' dir='ltr'><strong>pragmatici</strong></span> 
     </span>
     <span class='ocr_line' id='line_1_22' title="bbox 210 2341 1142 2421; baseline -0.002 -18"><span class='ocrx_word' id='word_1_148' title='bbox 210 2343 318 2404; x_wconf 92' lang='lat' dir='ltr'><strong>dicunt</strong></span> <span class='ocrx_word' id='word_1_149' title='bbox 345 2341 498 2420; x_wconf 83' lang='lat' dir='ltr'><strong>obrepere,</strong></span> <span class='ocrx_word' id='word_1_150' title='bbox 520 2343 569 2402; x_wconf 87' lang='lat' dir='ltr'><strong>val</strong></span> <span class='ocrx_word' id='word_1_151' title='bbox 591 2343 615 2402; x_wconf 91' lang='lat' dir='ltr'><strong>si</strong></span> <span class='ocrx_word' id='word_1_152' title='bbox 644 2343 684 2404; x_wconf 91' lang='lat' dir='ltr'><strong>sit</strong></span> <span class='ocrx_word' id='word_1_153' title='bbox 708 2361 876 2421; x_wconf 88' lang='lat' dir='ltr'><strong>suppressa</strong></span> <span class='ocrx_word' id='word_1_154' title='bbox 900 2343 1026 2418; x_wconf 86' lang='lat' dir='ltr'><strong>veritas,</strong></span> <span class='ocrx_word' id='word_1_155' title='bbox 1058 2341 1142 2420; x_wconf 88' lang='lat' dir='ltr'><strong>quod</strong></span> 
     </span>
     <span class='ocr_line' id='line_1_23' title="bbox 208 2433 1143 2515; baseline 0 -21"><span class='ocrx_word' id='word_1_156' title='bbox 208 2435 305 2494; x_wconf 90' lang='lat' dir='ltr'><strong>iidem</strong></span> <span class='ocrx_word' id='word_1_157' title='bbox 326 2433 435 2494; x_wconf 91' lang='lat' dir='ltr'><strong>dicunt</strong></span> <span class='ocrx_word' id='word_1_158' title='bbox 461 2433 631 2515; x_wconf 82' lang='lat' dir='ltr'><strong>subrepere,</strong></span> <span class='ocrx_word' id='word_1_159' title='bbox 652 2437 723 2498; x_wconf 90' lang='lat' dir='ltr'><strong>talis</strong></span> <span class='ocrx_word' id='word_1_160' title='bbox 750 2441 856 2498; x_wconf 91' lang='lat' dir='ltr'><strong>autem</strong></span> <span class='ocrx_word' id='word_1_161' title='bbox 881 2436 921 2496; x_wconf 93' lang='lat' dir='ltr'><strong>sit</strong></span> <span class='ocrx_word' id='word_1_162' title='bbox 946 2435 1067 2497; x_wconf 88' lang='lat' dir='ltr'><strong>falsitas</strong></span> <span class='ocrx_word' id='word_1_163' title='bbox 1090 2437 1143 2494; x_wconf 87' lang='lat' dir='ltr'><strong>aut</strong></span> 
     </span>
     <span class='ocr_line' id='line_1_24' title="bbox 208 2527 1143 2606; baseline -0.002 -18"><span class='ocrx_word' id='word_1_164' title='bbox 208 2527 323 2588; x_wconf 85' lang='lat' dir='ltr'><strong>veritas</strong></span> <span class='ocrx_word' id='word_1_165' title='bbox 353 2545 423 2606; x_wconf 83' lang='lat' dir='ltr'><strong>quae</strong></span> <span class='ocrx_word' id='word_1_166' title='bbox 449 2527 569 2589; x_wconf 85' lang='lat' dir='ltr'><strong>recidat</strong></span> <span class='ocrx_word' id='word_1_167' title='bbox 598 2529 631 2588; x_wconf 92' lang='lat' dir='ltr'><strong>in</strong></span> <span class='ocrx_word' id='word_1_168' title='bbox 656 2530 863 2590; x_wconf 87' lang='lat' dir='ltr'><strong>substantiam</strong></span> <span class='ocrx_word' id='word_1_169' title='bbox 888 2530 1061 2605; x_wconf 87' lang='lat' dir='ltr'><strong>factorum,</strong></span> <span class='ocrx_word' id='word_1_170' title='bbox 1094 2545 1143 2587; x_wconf 89' lang='lat' dir='ltr'><strong>re-</strong></span> 
     </span>
     <span class='ocr_line' id='line_1_25' title="bbox 208 2621 1142 2701; baseline -0.003 -19"><span class='ocrx_word' id='word_1_171' title='bbox 208 2621 359 2700; x_wconf 88' lang='lat' dir='ltr'><strong>scriptum</strong></span> <span class='ocrx_word' id='word_1_172' title='bbox 383 2621 427 2681; x_wconf 92' lang='lat' dir='ltr'><strong>sic</strong></span> <span class='ocrx_word' id='word_1_173' title='bbox 454 2621 616 2683; x_wconf 88' lang='lat' dir='ltr'><strong>obtentum</strong></span> <span class='ocrx_word' id='word_1_174' title='bbox 643 2623 757 2697; x_wconf 81' lang='lat' dir='ltr'><strong>nullius</strong></span> <span class='ocrx_word' id='word_1_175' title='bbox 780 2624 815 2684; x_wconf 85' lang='lat' dir='ltr'><strong>fit</strong></span> <span class='ocrx_word' id='word_1_176' title='bbox 834 2622 1002 2701; x_wconf 77' lang='lat' dir='ltr'><strong>ponderiS,</strong></span> <span class='ocrx_word' id='word_1_177' title='bbox 1031 2625 1063 2680; x_wconf 86' lang='lat' dir='ltr'><strong>et</strong></span> <span class='ocrx_word' id='word_1_178' title='bbox 1086 2638 1142 2698; x_wconf 90' lang='lat' dir='ltr'><strong>pro</strong></span> 
     </span>
     <span class='ocr_line' id='line_1_26' title="bbox 211 2713 1143 2793; baseline -0.001 -19"><span class='ocrx_word' id='word_1_179' title='bbox 211 2715 294 2776; x_wconf 90' lang='lat' dir='ltr'><strong>nullo</strong></span> <span class='ocrx_word' id='word_1_180' title='bbox 319 2714 465 2776; x_wconf 87' lang='lat' dir='ltr'><strong>hebetur.</strong></span> <span class='ocrx_word' id='word_1_181' title='bbox 490 2717 576 2776; x_wconf 83' lang='lat' dir='ltr'><strong>&#39;lunc</strong></span> <span class='ocrx_word' id='word_1_182' title='bbox 599 2717 683 2776; x_wconf 90' lang='lat' dir='ltr'><strong>enim</strong></span> <span class='ocrx_word' id='word_1_183' title='bbox 707 2716 820 2778; x_wconf 90' lang='lat' dir='ltr'><strong>dicitur</strong></span> <span class='ocrx_word' id='word_1_184' title='bbox 837 2715 979 2793; x_wconf 90' lang='lat' dir='ltr'><strong>obreptio</strong></span> <span class='ocrx_word' id='word_1_185' title='bbox 995 2714 1044 2775; x_wconf 92' lang='lat' dir='ltr'><strong>vel</strong></span> <span class='ocrx_word' id='word_1_186' title='bbox 1070 2713 1143 2773; x_wconf 90' lang='lat' dir='ltr'><strong>sub·</strong></span> 
     </span>
     <span class='ocr_line' id='line_1_27' title="bbox 209 2807 963 2887; baseline 0.001 -20"><span class='ocrx_word' id='word_1_187' title='bbox 209 2808 308 2886; x_wconf 89' lang='lat' dir='ltr'><strong>reptio</strong></span> <span class='ocrx_word' id='word_1_188' title='bbox 319 2807 351 2866; x_wconf 92' lang='lat' dir='ltr'><strong>in</strong></span> <span class='ocrx_word' id='word_1_189' title='bbox 367 2807 436 2886; x_wconf 89' lang='lat' dir='ltr'><strong>ipsa</strong></span> <span class='ocrx_word' id='word_1_190' title='bbox 450 2808 592 2887; x_wconf 90' lang='lat' dir='ltr'><strong>rescripti</strong></span> <span class='ocrx_word' id='word_1_191' title='bbox 606 2809 824 2870; x_wconf 89' lang='lat' dir='ltr'><strong>substantialia</strong></span> <span class='ocrx_word' id='word_1_192' title='bbox 840 2808 963 2869; x_wconf 89' lang='lat' dir='ltr'><strong>cadere.</strong></span> 
     </span>
    </p>

    <p class='ocr_par' dir='ltr' id='par_1_9' title="bbox 250 2899 1142 2980">
     <span class='ocr_line' id='line_1_28' title="bbox 250 2899 1142 2980; baseline -0.001 -20"><span class='ocrx_word' id='word_1_193' title='bbox 250 2902 324 2960; x_wconf 86' lang='lat' dir='ltr'><strong>Haec</strong></span> <span class='ocrx_word' id='word_1_194' title='bbox 338 2899 407 2978; x_wconf 91' lang='lat' dir='ltr'><strong>ipsa</strong></span> <span class='ocrx_word' id='word_1_195' title='bbox 421 2901 638 2962; x_wconf 88' lang='lat' dir='ltr'><strong>substantialia</strong></span> <span class='ocrx_word' id='word_1_196' title='bbox 652 2903 768 2963; x_wconf 88' lang='lat' dir='ltr'><strong>debent</strong></span> <span class='ocrx_word' id='word_1_197' title='bbox 792 2902 904 2980; x_wconf 87' lang='lat' dir='ltr'><strong>respici</strong></span> <span class='ocrx_word' id='word_1_198' title='bbox 923 2901 955 2961; x_wconf 91' lang='lat' dir='ltr'><strong>in</strong></span> <span class='ocrx_word' id='word_1_199' title='bbox 971 2899 1083 2962; x_wconf 89' lang='lat' dir='ltr'><strong>ordine</strong></span> <span class='ocrx_word' id='word_1_200' title='bbox 1103 2899 1142 2960; x_wconf 86' lang='lat' dir='ltr'><strong>ad</strong></span> 
     </span>
    </p>
   </div>
   <div class='ocr_carea' id='block_1_7' title="bbox 210 2993 1245 3166">
    <p class='ocr_par' dir='ltr' id='par_1_10' title="bbox 210 2993 1245 3166">
     <span class='ocr_line' id='line_1_29' title="bbox 210 2993 1245 3057; baseline -0.001 -3"><span class='ocrx_word' id='word_1_201' title='bbox 210 2993 404 3054; x_wconf 86' lang='lat' dir='ltr'><strong>voluntatem</strong></span> <span class='ocrx_word' id='word_1_202' title='bbox 431 2993 641 3056; x_wconf 87' lang='lat' dir='ltr'><strong>rescribentis.</strong></span> <span class='ocrx_word' id='word_1_203' title='bbox 673 2998 746 3057; x_wconf 85' lang='lat' dir='ltr'><strong>Haec</strong></span> <span class='ocrx_word' id='word_1_204' title='bbox 776 2999 881 3057; x_wconf 90' lang='lat' dir='ltr'><strong>autem</strong></span> <span class='ocrx_word' id='word_1_205' title='bbox 907 2995 1053 3055; x_wconf 87' lang='lat' dir='ltr'><strong>voluntas</strong></span> <span class='ocrx_word' id='word_1_206' title='bbox 1081 3011 1141 3054; x_wconf 92' lang='lat' dir='ltr'><strong>non</strong></span> <span class='ocrx_word' id='word_1_207' title='bbox 1243 3005 1245 3014; x_wconf 66' lang='lat'><strong><em>⁴</em></strong></span> 
     </span>
     <span class='ocr_line' id='line_1_30' title="bbox 210 3071 1245 3166; baseline 0 -20"><span class='ocrx_word' id='word_1_208' title='bbox 210 3091 316 3166; x_wconf 88' lang='lat' dir='ltr'><strong>posset</strong></span> <span class='ocrx_word' id='word_1_209' title='bbox 330 3088 380 3148; x_wconf 90' lang='lat' dir='ltr'><strong>vel</strong></span> <span class='ocrx_word' id='word_1_210' title='bbox 401 3105 464 3148; x_wconf 90' lang='lat' dir='ltr'><strong>non</strong></span> <span class='ocrx_word' id='word_1_211' title='bbox 480 3087 595 3148; x_wconf 89' lang='lat' dir='ltr'><strong>soleret</strong></span> <span class='ocrx_word' id='word_1_212' title='bbox 607 3107 718 3150; x_wconf 89' lang='lat' dir='ltr'><strong>revera</strong></span> <span class='ocrx_word' id='word_1_213' title='bbox 733 3090 828 3149; x_wconf 90' lang='lat' dir='ltr'><strong>talem</strong></span> <span class='ocrx_word' id='word_1_214' title='bbox 853 3107 887 3148; x_wconf 88' lang='lat' dir='ltr'><strong>se</strong></span> <span class='ocrx_word' id='word_1_215' title='bbox 908 3087 1037 3163; x_wconf 87' lang='lat' dir='ltr'><strong>habere,</strong></span> <span class='ocrx_word' id='word_1_216' title='bbox 1051 3083 1141 3146; x_wconf 90' lang='lat' dir='ltr'><strong>sicuti</strong></span> <span class='ocrx_word' id='word_1_217' title='bbox 1244 3071 1245 3118; x_wconf 59' lang='lat'>¹</span> 
     </span>
    </p>
   </div>
   <div class='ocr_carea' id='block_1_8' title="bbox 208 3178 1141 3334">
    <p class='ocr_par' dir='ltr' id='par_1_11' title="bbox 208 3178 1141 3334">
     <span class='ocr_line' id='line_1_31' title="bbox 209 3178 1141 3259; baseline -0.002 -19"><span class='ocrx_word' id='word_1_218' title='bbox 209 3178 354 3240; x_wconf 87' lang='lat' dir='ltr'><strong>sehabet</strong></span> <span class='ocrx_word' id='word_1_219' title='bbox 376 3179 409 3239; x_wconf 93' lang='lat' dir='ltr'><strong>in</strong></span> <span class='ocrx_word' id='word_1_220' title='bbox 424 3180 627 3259; x_wconf 87' lang='lat' dir='ltr'><strong>responsione</strong></span> <span class='ocrx_word' id='word_1_221' title='bbox 646 3182 730 3259; x_wconf 88' lang='lat' dir='ltr'><strong>data,</strong></span> <span class='ocrx_word' id='word_1_222' title='bbox 747 3182 772 3241; x_wconf 92' lang='lat' dir='ltr'><strong>si</strong></span> <span class='ocrx_word' id='word_1_223' title='bbox 788 3181 862 3243; x_wconf 87' lang='lat' dir='ltr'><strong>facti</strong></span> <span class='ocrx_word' id='word_1_224' title='bbox 884 3179 1060 3241; x_wconf 89' lang='lat' dir='ltr'><strong>substantia</strong></span> <span class='ocrx_word' id='word_1_225' title='bbox 1081 3198 1141 3240; x_wconf 90' lang='lat' dir='ltr'><strong>uon</strong></span> 
     </span>
     <span class='ocr_line' id='line_1_32' title="bbox 208 3273 493 3334; baseline 0 0"><span class='ocrx_word' id='word_1_226' title='bbox 208 3274 375 3334; x_wconf 87' lang='lat' dir='ltr'><strong>immutata</strong></span> <span class='ocrx_word' id='word_1_227' title='bbox 389 3273 493 3334; x_wconf 85' lang='lat' dir='ltr'><strong>fuerit.</strong></span> 
     </span>
    </p>
   </div>
   <div class='ocr_carea' id='block_1_9' title="bbox 247 3363 1245 3448">
    <p class='ocr_par' dir='ltr' id='par_1_12' title="bbox 247 3363 1245 3448">
     <span class='ocr_line' id='line_1_33' title="bbox 247 3363 1245 3448; baseline -0.003 -21"><span class='ocrx_word' id='word_1_228' title='bbox 247 3371 279 3427; x_wconf 74' lang='lat'><strong>4⁰</strong></span> <span class='ocrx_word' id='word_1_229' title='bbox 301 3367 391 3429; x_wconf 88' lang='lat' dir='ltr'><strong>Unde</strong></span> <span class='ocrx_word' id='word_1_230' title='bbox 406 3366 568 3428; x_wconf 89' lang='lat' dir='ltr'><strong>inferimus</strong></span> <span class='ocrx_word' id='word_1_231' title='bbox 586 3368 683 3447; x_wconf 90' lang='lat' dir='ltr'><strong>(quod</strong></span> <span class='ocrx_word' id='word_1_232' title='bbox 705 3369 851 3448; x_wconf 89' lang='lat' dir='ltr'><strong>quartum</strong></span> <span class='ocrx_word' id='word_1_233' title='bbox 866 3369 914 3427; x_wconf 90' lang='lat' dir='ltr'><strong>est</strong></span> <span class='ocrx_word' id='word_1_234' title='bbox 928 3363 1141 3443; x_wconf 85' lang='lat' dir='ltr'><strong>corollarium)</strong></span> <span class='ocrx_word' id='word_1_235' title='bbox 1244 3439 1245 3446; x_wconf 8' lang='grc' dir='ltr'>ἵ</span> 
     </span>
    </p>
   </div>
   <div class='ocr_carea' id='block_1_10' title="bbox 209 3458 1141 3633">
    <p class='ocr_par' dir='ltr' id='par_1_13' title="bbox 209 3458 1141 3633">
     <span class='ocr_line' id='line_1_34' title="bbox 209 3458 1141 3541; baseline -0.002 -22"><span class='ocrx_word' id='word_1_236' title='bbox 209 3459 288 3541; x_wconf 83' lang='lat' dir='ltr'><strong>qnod</strong></span> <span class='ocrx_word' id='word_1_237' title='bbox 311 3459 427 3520; x_wconf 80' lang='lat' dir='ltr'><strong>etionui</strong></span> <span class='ocrx_word' id='word_1_238' title='bbox 438 3459 517 3540; x_wconf 77' lang='lat' dir='ltr'><strong>fecti</strong></span> <span class='ocrx_word' id='word_1_239' title='bbox 528 3461 672 3534; x_wconf 67' lang='lat' dir='ltr'><strong>namatio,</strong></span> <span class='ocrx_word' id='word_1_240' title='bbox 696 3459 794 3541; x_wconf 80' lang='lat' dir='ltr'><strong>quoad</strong></span> <span class='ocrx_word' id='word_1_241' title='bbox 809 3458 1000 3520; x_wconf 82' lang='lat' dir='ltr'><strong>accidentalia</strong></span> <span class='ocrx_word' id='word_1_242' title='bbox 1014 3465 1141 3531; x_wconf 87' lang='lat' dir='ltr'><strong>tuntum,</strong></span> 
     </span>
     <span class='ocr_line' id='line_1_35' title="bbox 211 3551 1140 3633; baseline 0.002 -24"><span class='ocrx_word' id='word_1_243' title='bbox 211 3552 364 3612; x_wconf 83' lang='lat' dir='ltr'><strong>immutato</strong></span> <span class='ocrx_word' id='word_1_244' title='bbox 390 3552 494 3631; x_wconf 80' lang='lat' dir='ltr'><strong>suerit,</strong></span> <span class='ocrx_word' id='word_1_245' title='bbox 512 3560 590 3627; x_wconf 85' lang='lat' dir='ltr'><strong>tnnc,</strong></span> <span class='ocrx_word' id='word_1_246' title='bbox 606 3553 634 3613; x_wconf 82' lang='lat' dir='ltr'><strong>si</strong></span> <span class='ocrx_word' id='word_1_247' title='bbox 651 3553 704 3614; x_wconf 79' lang='lat' dir='ltr'><strong>dcc</strong></span> <span class='ocrx_word' id='word_1_248' title='bbox 721 3553 800 3612; x_wconf 83' lang='lat' dir='ltr'><strong>rnatu</strong></span> <span class='ocrx_word' id='word_1_249' title='bbox 822 3552 881 3633; x_wconf 78' lang='lat' dir='ltr'><strong>fide</strong></span> <span class='ocrx_word' id='word_1_250' title='bbox 904 3553 1017 3631; x_wconf 73' lang='lat' dir='ltr'><strong>facturn</strong></span> <span class='ocrx_word' id='word_1_251' title='bbox 1035 3551 1140 3631; x_wconf 82' lang='lat' dir='ltr'><strong>faerit,</strong></span> 
     </span>
    </p>
   </div>
   <div class='ocr_carea' id='block_1_11' title="bbox 0 0 1268 4144">
    <p class='ocr_par' dir='ltr' id='par_1_14' title="bbox 0 0 1268 4144">
     <span class='ocr_line' id='line_1_36' title="bbox 0 0 1268 4144; baseline 0 0"><span class='ocrx_word' id='word_1_252' title='bbox 0 0 1268 4144; x_wconf 95' lang='lat' dir='ltr'><strong> </strong></span> 
     </span>
    </p>
   </div>
  </div>
 </body>
</html>
