2542 4122
367 303 405 347 na
426 303 555 350 oaraero
576 304 659 349 rums
681 303 837 350 caaomcr.
1008 293 1067 353 229

136 451 252 524 ratum,
262 450 349 508 extra
359 448 502 509 ordinem
508 452 585 510 vero'
593 448 687 509 luisse
695 447 833 527 aliquem
840 447 1065 527 episcopatum,

136 544 292 619 quatenus
307 541 463 602 nonnullis
472 541 636 621 episcopis,
649 541 698 601 vel
709 540 853 620 injuriae
866 541 930 602 suis
942 542 1068 604 sedibus

137 633 292 711 expulsis,
317 635 368 694 vel
395 635 436 695 ab
458 635 575 694 eisdem
596 634 734 712 legitime
753 633 892 710 remotis,
916 652 955 694 ne
979 634 1068 696 otiosi

136 731 347 803 remanerent,
356 727 524 806 aliquando
535 727 693 806 assignata
702 729 749 788 est
758 727 896 788 eoelesiae
906 727 1069 807 cujusdam

137 819 251 878 ruralis
267 819 512 897 administratio,
535 819 750 899 dependenter
764 820 804 880 ab
826 819 972 900 episeopo
993 820 1069 882 dioe-

136 929 262 974 cesano.

180 1007 267 1066 Hanc
283 1005 491 1066 oeconomiam
505 1005 593 1086 sequi
607 1005 676 1067 visa
685 1009 733 1068 est
744 1005 875 1066 Niooena
885 1004 1024 1084 synodus
1038 1006 1070 1067 in

137 1099 280 1158 favorem
306 1099 516 1178 quorumdam
540 1100 758 1178 episcoporum
781 1098 835 1178 qui
860 1117 880 1159 a
903 1098 1070 1160 schismate

140 1190 387 1252 Novatianorum
405 1192 455 1252 vel
470 1191 708 1253 Meletianorum
721 1191 889 1252 redierant.
906 1191 982 1252 Inde
996 1191 1072 1253 dicit

139 1284 225 1344 idem
239 1283 381 1345 Pontifex
400 1283 569 1364 aliquando
595 1283 655 1344 illis
678 1301 842 1345 concessas
866 1283 960 1344 luisse
984 1283 1071 1346 lune·

139 1377 241 1438 tiones
262 1376 380 1438 ordinis
400 1375 603 1455 episcopalis,
629 1376 739 1456 siquis
759 1375 868 1438 luisset
893 1376 1068 1456 episcopus,

139 1469 309 1548 aliquando
333 1488 407 1530 vero
434 1468 607 1548 prohibitas
629 1469 738 1546 fuisse,
762 1469 787 1530 si
814 1469 978 1548 episeopus
1007 1488 1069 1530 non

140 1561 259 1622 fuisset.

183 1654 243 1715 Sed
259 1653 290 1713 hi
303 1654 528 1735 chorepiscopi,
540 1673 637 1735 quum
647 1654 801 1716 baberent
809 1655 989 1720 facultatem
997 1673 1084 1716 con-2

139 1747 261 1806 ferendi
276 1747 402 1808 ordines
414 1747 566 1824 minores,
581 1747 643 1808 imo
659 1752 690 1809 et
701 1747 838 1828 majores
855 1766 891 1810 ao
908 1766 1028 1824 sacrm,
1046 1747 1072 1808 si

141 1839 273 1900 fuissent
285 1841 440 1920 episcopi,
460 1843 623 1918 ooeperunt
642 1840 860 1917 intumescere,
876 1846 906 1900 et
919 1839 1072 1920 episeopis

141 1935 283 1994 nontam
297 1933 388 1994 subdi
404 1951 499 2013 quam
514 1933 712 2012 aequiparari.

184 2030 284 2100 Ouum
298 2045 372 2088 vero
386 2045 443 2087 neo
454 2025 657 2087 conciliorum
670 2043 878 2100 canones,nee
890 2026 1073 2104 pontificum

142 2121 271 2184 decreta
289 2121 370 2182 hano
386 2135 584 2198 compescere
600 2117 742 2178 valerent
756 2116 937 2193 audaciam,
958 2117 1072 2178 saeoulo

142 2216 225 2274 Vlll⁰
243 2218 274 2276 et
296 2216 371 2288 IX⁰‚
397 2211 449 2272 hie
471 2211 589 2289 gradus
612 2209 807 2270 auctoritatis
833 2209 931 2269 minui
959 2208 1072 2289 coepit,

141 2306 244 2366 donec
262 2308 317 2367 lX⁰
331 2304 465 2380 saeculo,
485 2301 612 2364 omnino
634 2302 787 2363 extinctus
807 2305 864 2362 est.
885 2304 954 2363 Non
968 2304 1074 2362 tamen

141 2402 304 2460 cessarunt
317 2397 425 2458 vicarii
439 2396 559 2456 rurales
573 2395 806 2475 episcoporum,
824 2395 880 2456 sed
894 2395 944 2457 hio
956 2395 1073 2476 gradus

133 2482 336 2554 'auctoritatis
351 2489 474 2552 adnecti
495 2489 590 2567 coepit
605 2487 792 2568 quibusdam
807 2488 1010 2569 dignitatibus
1024 2487 1074 2550 vel

141 2585 303 2646 beneficiis
326 2585 358 2644 in
380 2601 454 2644 rure
469 2581 653 2658 constitutis,
674 2600 704 2644 v.
730 2598 761 2660 g.
786 2581 1075 2660 archipresbytera-

141 2677 237 2754 tibus,
254 2676 406 2756 plebanis,
424 2679 482 2738 eto.

184 2772 307 2831 XXXII.
334 2769 396 2831 Sed
413 2769 485 2828 dein
498 2767 669 2830 selectisab
680 2767 826 2846 episeopo
840 2765 913 2828 viris
923 2765 1075 2828 committi

143 2862 250 2940 coepit,
266 2863 400 2941 analoga
412 2880 525 2942 nempe
537 2861 657 2940 ratione
671 2859 752 2921 illius
765 2860 849 2939 quod
865 2861 1029 2922 eveniebat
1041 2861 1074 2922 in

72 2991 80 3008 κ
143 2955 370 3016 constituendis
383 2954 507 3014 vicariis
529 2954 739 3034 generalibus.
762 2953 800 3014 Hi
818 2954 938 3014 rurales
955 2955 1075 3033 episco-

143 3050 256 3126 porum
269 3046 389 3124 vicarii,
400 3046 518 3126 foronei
524 3047 597 3108 dieti
608 3051 691 3122 sunt,
704 3046 756 3125 qui
768 3045 799 3105 in
811 3046 941 3126 singulis
954 3045 1076 3125 oppidis

144 3141 194 3200 vel
209 3139 366 3200 suburbiis
384 3137 528 3200 dioecesis
542 3139 681 3219 aliquam
694 3143 920 3218 repraesentant
937 3137 1075 3217 episcopi

139 3233 430 3314 jurisdictionemin
441 3251 477 3293 eo
487 3232 571 3311 quod
581 3235 702 3310 spectat
710 3233 750 3294 ad
759 3235 920 3294 externam
928 3229 1075 3290 Ecclesiae

145 3327 353 3387 oecononiam.

185 3417 236 3480 Sic
253 3418 383 3479 definita
397 3418 491 3499 hujus
503 3418 621 3498 gradus
642 3417 780 3492 notione,
797 3416 903 3494 aliqua
923 3412 1076 3500 principia

143 3511 181 3570 ad
202 3510 271 3599 ejus
285 3512 557 3574 determinandam
579 3509 796 3572 auctoritatem
812 3505 959 3596 ponenda
978 3508 1072 3569 sont:
