2540 4132
344 316 451 367 nomon
474 315 627 366 smenns
648 317 732 367 sonis
754 319 908 371 66661666.
1033 315 1091 376 lto

155 459 275 532 tionem
290 461 429 541 canonis,
444 463 470 524 si
485 464 673 543 approbavit
686 465 805 528 iactum
818 467 896 548 deji,
909 467 1025 549 quisue
1037 517 1044 544 ,
1061 475 1093 536 ct

155 581 220 624 non
233 559 358 622 nominc
368 556 451 633 Titii,
468 557 618 619 clericum
626 559 815 622 verberavit.
828 561 865 621 Il.
881 563 916 622 In
931 563 1092 644 obligatio·

154 655 258 730 nibus,
285 655 317 714 et
331 649 537 732 praejudiciis,
554 669 609 712 seu
629 652 724 714 rebus
743 653 849 714 odiosis
862 673 875 715 .·
890 657 922 716 et
949 655 1020 717 ideo
1039 657 1091 738 qui

152 747 251 829 gessit
267 743 395 824 negotia
408 743 463 804 filii
478 744 541 804 mei
560 745 750 823 peculiaria,
767 765 830 808 non
845 765 934 826 mco,
958 749 1014 810 scd
1037 749 1092 810 lilii
1178 801 1184 814 .

152 841 292 916 nominc,
309 855 373 899 non
388 835 511 916 obligor
525 837 553 897 ei
568 837 600 898 in
616 838 762 917 solidum,
780 839 836 902 scd
846 841 969 920 peculio
980 845 1090 921 tenus,

152 935 213 996 etsi
247 930 446 1010 negotiorum
470 929 646 1009 gestionem
686 933 969 1012 comprobaverim.
1001 935 1093 998 Fallit

154 1026 266 1107 regula
279 1025 339 1086 iste
350 1026 374 1084 l.
389 1022 422 1083 in
433 1041 504 1084 ccco
519 1041 655 1085 concensu
667 1026 890 1101 confirmante3
902 1027 983 1090 sicut
1001 1047 1092 1108 supc-

154 1121 230 1196 rior,
251 1119 301 1180 vel
325 1116 415 1198 cujus
442 1117 583 1194 interest,
614 1119 812 1196 confirmem,
837 1137 893 1180 seu
915 1122 1091 1182 consentire

154 1215 258 1295 potest
268 1211 300 1271 in
309 1211 429 1272 fectum
441 1209 581 1286 alterius,
594 1211 680 1290 quod
690 1211 768 1272 eliis
778 1212 861 1274 vires
871 1231 932 1275 ncn
946 1214 1089 1292 haberet,

155 1305 229 1370 Can.
246 1304 300 1386 fic.
317 1307 347 1380 9,
364 1321 393 1384 q.
412 1306 442 1380 2,
458 1303 512 1362 ubi
532 1303 697 1382 episcopus
710 1305 921 1383 dispensative
936 1308 1092 1370 consentit

153 1401 186 1461 in
209 1396 427 1459 executionem
449 1393 605 1472 ordinum,
624 1413 702 1475 quos
718 1397 822 1458 clerici
837 1399 878 1460 ob
893 1400 996 1462 alieno
1010 1401 1090 1479 epis·

153 1510 233 1571 copo
250 1490 464 1567 susceperunt,
484 1494 513 1547 et
527 1507 553 1548 c.
576 1491 606 1565 3,
632 1487 667 1548 de
681 1487 737 1567 bis,
753 1509 819 1571 qcoe
839 1491 858 1551 ἀ
877 1491 1016 1572 Proelat,
1035 1493 1089 1556 ubi

153 1583 372 1648 convalidatur
389 1580 534 1642 alienatio
549 1581 569 1640 6
583 1581 715 1660 praelatc
730 1582 829 1660 faeta,
849 1584 874 1644 si
896 1585 1086 1664 capitulum,

151 1675 392 1759 superveniente
408 1692 572 1751 consensu,
590 1691 660 1736 eam
675 1678 777 1737 rotem
797 1675 918 1755 habuit,
937 1685 966 1739 et
986 1697 1013 1740 c.
1033 1681 1087 1756 28,

152 1773 189 1834 de
206 1771 301 1846 elect,
318 1767 458 1830 subsistit
473 1766 593 1844 electio,
611 1767 636 1828 si
657 1769 826 1831 canonicus
838 1774 961 1850 spretus
976 1771 1006 1834 ei
1017 1789 1089 1833 con-

154 1864 258 1928 sentit.
271 1864 308 1924 ll.
336 1860 428 1922 Fallit
445 1861 477 1920 in
497 1877 557 1937 eo,
587 1877 625 1920 ex
649 1879 711 1940 quo
730 1862 856 1942 jactura
877 1864 922 1924 rei
944 1881 1023 1926 mem
1045 1881 1094 1925 so-

156 1958 316 2040 queretur,
342 1954 401 2015 nisi
419 1954 537 2015 factum
567 1957 671 2015 retum
697 1953 871 2030 haberem3
893 1957 1045 2034 maxime,
1067 1957 1092 2018 si

156 2051 289 2132 aequitas
306 2048 340 2109 id
354 2047 503 2120 suadeet3
525 2045 602 2106 utsi
624 2063 674 2106 res
693 2064 776 2123 mco,
790 2065 854 2109 non
872 2067 944 2110 mec
965 2048 1091 2110 nomine

155 2143 299 2219 vendita,
317 2140 408 2221 periit
421 2139 506 2218 apud
521 2141 710 2218 emptcrcm3
740 2142 815 2201 tuno
836 2141 920 2201 enim
936 2141 1091 2202 retificem

155 2253 286 2317 possum
294 2233 518 2309 venditionem,
526 2234 561 2292 ut
571 2231 909 2313 pretiumabemptcrc
919 2232 1087 2297 obtineam.

196 2333 229 2390 7·
249 2325 422 2408 [peccantia
435 2324 521 2405 faeti,
534 2323 681 2405 conjuro
692 2335 821 2388 ccciccc.
837 2326 923 2388 Facti
943 2325 1088 2406 ignoren-
1151 2322 1163 2426 l

156 2414 211 2500 tie,
228 2421 305 2483 dum
330 2420 398 2500 quis
424 2417 550 2478 sciendo
571 2417 685 2496 legem,
708 2418 833 2498 ignoret
859 2419 935 2500 quid
961 2423 1084 2501 agatur,

155 2533 185 2578 v.
203 2534 235 2596 g.
252 2515 407 2575 'minorem
421 2530 501 2589 esse,
517 2529 588 2572 cum
601 2529 662 2592 quo
675 2513 842 2590 contrahit,
859 2519 996 2590 excusat,
1013 2513 1087 2594 quio

154 2608 248 2685 iacta,
266 2623 338 2668 cum
352 2606 415 2666 sint
435 2603 610 2681 innumero,
636 2604 731 2665 etiam
753 2605 1011 2683 prudentissimos
1030 2605 1086 2666 ial-

153 2701 218 2763 lere
226 2703 367 2781 possunt.
380 2699 506 2777 Excipe,
517 2697 576 2757 nisi
586 2697 704 2758 factum
714 2698 871 2759 notorium
881 2697 961 2760 sitin
972 2698 1086 2761 vicinio

153 2795 204 2857 vel
213 2792 393 2874 ignorantia
406 2791 446 2852 sit
459 2789 684 2868 improbabilis,
704 2793 735 2850 et
745 2791 918 2869 culpabilis.
936 2795 977 2854 At
998 2792 1085 2874 igno-

152 2887 257 2949 rentia
272 2886 363 2967 juris,
389 2885 465 2944 dum
480 2882 549 2963 quis
573 2883 659 2961 leges
672 2901 853 2946 communes
869 2885 1004 2965 ignorat,
1021 2904 1083 2948 non

151 2983 281 3042 excuset
293 2981 439 3058 egentem
455 2997 463 3050 ;
482 2977 556 3056 quio
566 2975 653 3055 loges
666 2976 745 3037 scire
764 2977 881 3040 debuit.
897 2979 976 3041 Hinc
996 2979 1084 3059 igno-

149 3072 253 3134 rantie
266 3071 346 3153 juris
359 3089 422 3132 non
436 3069 565 3148 prodest
582 3069 613 3128 in
629 3069 872 3149 usucapionibus
889 3119 897 3150 ,
917 3072 1083 3134 contracti-

147 3163 229 3242 bus,
246 3167 278 3226 et
292 3163 408 3228 ultimis
428 3163 651 3226 voluntatibus.
673 3161 792 3243 Ecczpe
809 3167 833 3226 l,
855 3183 1023 3246 personas,
1049 3164 1079 3223 in

147 3257 262 3338 quibus
273 3257 427 3320 toleretur
435 3255 614 3336 ignorantis
623 3254 719 3336 juris3
735 3257 780 3318 uti
793 3263 865 3320 sunt
878 3259 1002 3334 milites,
1014 3273 1081 3317 ms-

146 3348 210 3428 tici,
227 3349 327 3430 pueri,
345 3349 491 3426 foemineo,
502 3348 616 3428 quibus
630 3348 808 3428 ignorantia
819 3351 899 3432 juris
911 3367 974 3411 non
988 3353 1080 3411 nocet

144 3440 177 3502 in
190 3441 373 3521 dispendiis,
385 3459 442 3503 seu
453 3441 485 3501 in
497 3441 669 3503 amittendo
682 3459 792 3520 suum,
809 3462 872 3505 non
887 3447 993 3506 tomen
1008 3459 1078 3526 pro-

144 3533 255 3602 deslin'
269 3533 472 3618 compendiis,
485 3551 540 3597 scu
554 3534 587 3595 in
601 3534 763 3601 lucrando.
