2540 4132
370 327 409 375 nn
429 326 558 376 cornero
578 325 661 374 anns
681 327 836 376 ceremur.
1009 315 1068 378 llll

137 470 294 538 ceareteri
316 471 366 532 vel
381 469 507 532 omnino
527 470 668 534 revocari
691 473 811 551 potest,
827 473 930 552 potest
954 475 986 533 et
999 471 1069 552 ipsa

1 587 2 604 ¹
134 563 313 649 jurisdictio
323 563 422 624 minui
432 563 483 624 vel
497 563 622 642 penitus
636 563 786 644 extingui.

180 659 277 720 Secus
290 675 366 718 vero
377 657 516 736 potestas
526 655 654 733 ordinis,
665 656 780 736 quippe
796 675 866 736 quae
879 655 1028 719 fundet-ur
1037 656 1069 718 in

136 751 308 814 intrinseco
321 749 435 810 enimse
450 749 632 810 charactere
650 749 703 830 qui
718 767 776 827 per
788 753 888 812 totam
907 749 1005 811 vitam
1025 749 1070 810 in·

139 842 281 906 delebilis
296 844 489 921 perseverat,
505 841 620 902 nullius
635 841 812 903 detrimenti
827 846 874 904 est
889 861 1003 922 capax;
1016 841 1070 903 sed

138 936 237 1001 semel
254 953 291 996 ac
319 936 448 1012 accepta
471 933 581 1008 fucrit,
607 934 719 995 eadem
732 934 977 1014 inextinguibilis
1000 953 1072 1014 per·

138 1031 258 1090 manet.
276 1027 365 1089 Unde
392 1029 496 1104 potest
510 1025 639 1105 quidem
652 1030 741 1087 ectus
759 1025 986 1106 jurisdictionis
1000 1027 1072 1087 irri-

139 1120 213 1196 tari,
224 1121 311 1180 actus
321 1135 396 1180 vero
408 1137 447 1177 ex
456 1121 610 1196 potestate
620 1118 737 1180 ordinis
745 1119 896 1180 infirmari
904 1119 1069 1182 nonvelct.

181 1214 234 1275 IV.
257 1213 332 1272 Haec
349 1211 389 1272 de
411 1210 590 1271 discrimine
605 1210 686 1272 iuter
698 1215 864 1292 utramque
883 1215 1073 1291 potestatem

141 1305 230 1367 dicta
243 1303 411 1364 sufficiant.
429 1305 518 1363 Nunc
534 1303 573 1363 de
587 1303 750 1382 speciebus
765 1305 958 1367 earumdem.

182 1399 324 1458 Potestas
331 1398 398 1458 tum
407 1395 537 1472 ordinis,
547 1399 614 1457 tum
625 1396 861 1476 jurisdictionis,
877 1397 990 1478 recipit
997 1413 1074 1459 non·

141 1489 246 1552 nullas
260 1487 455 1568 partitiones

183 1585 325 1644 Potestas
339 1579 456 1642 ordinis
471 1581 580 1644 reterri
595 1585 698 1661 potest
709 1583 759 1644 vel
775 1583 815 1644 ad
825 1583 1075 1646 administranda

142 1678 427 1754 sacramenta-quaa
448 1674 553 1736 stricto
571 1693 665 1737 sensu
685 1676 762 1738 talia
785 1676 952 1755 dicuntur,
968 1675 1074 1738 valed

140 1767 349 1830 ministranda
370 1766 425 1826 illa
447 1785 518 1846 quaa
532 1767 595 1829 lato
613 1783 706 1828 sensu
731 1768 791 1830 hoc
809 1769 936 1830 nomine
959 1787 1076 1830 usuve-

142 1862 250 1938 niunt,
278 1878 392 1938 nempe
419 1860 668 1922 sacramentalia.
700 1862 904 1923 Sacramenta
933 1873 1004 1942 quea
1037 1879 1076 1920 ex

143 1953 252 2016 dirim
275 1952 468 2015 institutione
489 1953 521 2013 in
545 1953 685 2014 Ecclesia
708 1953 889 2032 hahentur,
912 1954 956 2014 illi
983 1951 1074 2033 penei

143 2051 219 2110 sunt
230 2046 349 2108 externi
363 2045 442 2108 ritus
462 2045 576 2125 quibus
592 2045 732 2108 Christus
750 2047 859 2126 gratiae
873 2065 937 2108 sure
952 2051 1021 2108 tum
1037 2045 1076 2106 si·

144 2139 344 2220 gnifica'ndaa,
359 2143 427 2200 tum
443 2139 611 2218 operandae
627 2137 691 2200 vim
711 2138 807 2202 dedit.
831 2137 1077 2201 Sacramentalia

144 2235 253 2297 autem
269 2231 417 2293 dicuntur
429 2231 558 2312 quidam
572 2231 650 2293 ritus
668 2231 878 2293 ecclesiastica
892 2229 1076 2292 auctoritate

143 2323 288 2401 instituti,
306 2324 359 2404 qni
374 2323 406 2384 in
419 2343 456 2386 eo
470 2327 740 2387 sacramentorum
755 2329 901 2387 naturam
916 2323 1078 2386 imitentur

144 2420 300 2498 quatenus
317 2417 494 2496 spirituales
519 2417 637 2497 gratias
661 2417 837 2499 significent
851 2422 882 2480 et
905 2419 1005 2479 eDeo
1021 2415 1077 2478 im·

143 2509 278 2590 plorent.

185 2605 221 2664 ln
242 2601 344 2682 primo
366 2620 463 2680 casu,
486 2606 625 2682 potestas
649 2603 767 2667 ordinis
790 2605 851 2667 dici
876 2608 979 2686 potest
997 2602 1077 2685 juris

146 2693 256 2772 divini,
273 2713 344 2774 quae
360 2695 444 2756 circa
459 2695 582 2776 objecta
596 2701 740 2760 versatur
754 2717 824 2777 quae
838 2717 876 2758 ex
884 2697 1078 2760 institutione

136 2786 254 2848 ‘divina
268 2787 449 2850 immediate
471 2793 669 2867 promanant.
691 2791 727 2852 In
752 2790 850 2853 altero
869 2809 944 2852 casu
965 2790 1080 2854 dicitur

143 2878 225 2960 juris
240 2879 380 2942 humani.

186 2973 225 3037 V.
257 2973 365 3035 Plures
393 2973 577 3054 partitiones
605 2975 743 3039 admittit
771 2979 909 3056 potestas
929 2978 1079 3060 jurisdic-

147 3065 262 3128 tionis:

189 3162 222 3220 1⁰
244 3157 378 3222 Ratione
397 3159 490 3240 foetis
515 3179 571 3221 seu
595 3179 697 3226 causae
719 3166 802 3227 unde
826 3167 987 3246 procedit,
1017 3167 1078 3245 quo

145 3266 240 3314 sensu
266 3252 329 3314 alia
350 3253 410 3314 dici
433 3256 537 3332 potest
558 3253 731 3336 originario,
749 3276 819 3339 quta
834 3278 947 3340 nempe
972 3277 992 3319 a
1014 3257 1078 3318 Deo

145 3345 214 3426 ipso
224 3343 305 3425 juris
315 3345 553 3410 omnisauctore
568 3346 748 3413 immediate
763 3353 906 3432 proflult3
929 3352 990 3413 alia
1004 3367 1079 3411 vero

96 3517 98 3521 Α
147 3437 275 3520 quanda
296 3457 410 3520 nempe
421 3439 566 3504 fueritab
580 3440 632 3504 illo
648 3447 792 3507 mutuata
804 3445 857 3526 qui
878 3441 1081 3526 originariam

148 3530 465 3613 dampnantem,
481 3531 612 3615 delegato
623 3535 753 3615 dicitur,
775 3556 846 3617 quae
859 3555 922 3598 non
942 3535 999 3597 nisi
1015 3553 1084 3624 me3
