2518 4144
203 357 242 428 36
414 363 642 426 rrsnroucnns
662 371 744 422 rens
766 369 921 424 canonici.

245 523 355 602 ltaque
379 521 443 602 juri
472 519 650 601 dogmatico
673 519 805 580 subsunt
833 535 942 580 omnes
968 511 1145 599 homines,

204 613 395 694 disciplinari
409 632 484 675 vero
506 607 667 675 christiani
691 615 830 686 tantum3
850 608 916 692 juri
937 615 1045 674 autem
1065 631 1149 692 par-

203 706 338 784 ticulari,
366 705 410 766 illi
435 706 588 767 duntaxat
609 704 661 784 qui
686 703 863 766 auctoritati
887 703 931 764 illi
954 705 1147 784 particulari

119 873 125 884 ,
204 799 321 862 subditi
331 801 414 860 sunt.
427 798 489 860 Sed
501 797 569 858 haec
580 797 693 858 dixisse
703 797 860 860 sufficiant
871 797 911 859 de
921 798 1029 878 legum
1039 799 1149 860 eccle-

204 891 402 954 siasticarum
416 889 567 970 subjecto.

564 1089 694 1150 CAPUT
715 1087 767 1150 IV.

270 1288 308 1336 DE
330 1255 432 1336 veens
454 1288 616 1336 SPECIEBUS
636 1287 736 1334 LEGUM
758 1285 1069 1334 neconsmsrmtaon.

246 1445 281 1506 In
296 1444 448 1508 distinctis
462 1443 601 1508 articulis
616 1461 766 1524 agemus:
786 1445 816 1504 1⁰
827 1443 866 1504 do
880 1441 1148 1522 dispositionibus

203 1532 283 1618 juris
295 1536 494 1600 ecclesiastici
509 1555 579 1618 quae
591 1531 744 1598 rationem
756 1533 992 1616 legis'pertectae
1002 1533 1147 1610 habent;

206 1629 365 1692 crusillis
380 1627 634 1710 dispositionibus
649 1645 718 1710 quae
734 1647 797 1690 nou
811 1629 976 1705 rationem,
995 1627 1053 1689 sed
1066 1631 1149 1689 tan-

206 1724 274 1782 tum
289 1723 434 1783 effectum
447 1721 525 1800 legis
538 1721 665 1784 habent.

509 1913 686 1969 ARTIGULUS
702 1914 828 1970 PRIMUS.

178 2095 182 2102 “
244 2083 268 2147 Ι.
291 2081 396 2147 Multa
412 2085 485 2146 sunt
496 2081 615 2164 species
627 2081 734 2166 legum
752 2081 1051 2162 ecclesiasticarum
1080 2086 1149 2151 sed

205 2175 275 2240 aliae
289 2180 362 2240 sunt
370 2177 492 2258 legibus
503 2177 647 2240 omnibus
657 2179 1019 2257 communes‚aliae,lieet
1027 2179 1149 2260 legum

205 2273 383 2332 nostrarum
404 2269 466 2332 sint
483 2269 636 2349 propria,
652 2273 759 2332 tamen
773 2271 932 2332 maturiori
943 2271 1071 2333 scientim
1088 2293 1150 2336 re-

205 2362 367 2422 servanda
394 2365 476 2422 sunt.
493 2363 690 2441 Quapropter
710 2367 746 2424 ut
764 2365 947 2426 earumdem
959 2363 1148 2444 specierum

204 2452 250 2514 ita
261 2453 480 2514 tractationem
494 2453 703 2532 instituamus,
716 2459 751 2517 ut
763 2456 1000 2519 elementarium
1013 2457 1149 2522 institu-

203 2543 325 2604 tionum
337 2544 452 2606 limitcs
466 2563 530 2608 non
547 2547 745 2626 excedamus
759 2549 899 2612 breviter
912 2551 951 2611 de
963 2550 1000 2610 iis
1012 2553 1148 2614 tautum

203 2637 407 2711 tractabimus
420 2657 490 2718 quae
509 2640 560 2701 vel
573 2639 696 2719 legibus
708 2641 822 2702 nostris
838 2647 910 2705 sunt
921 2642 1068 2722 propriae,
1083 2647 1146 2707 vel

202 2729 276 2792 licet
289 2749 470 2794 communes
492 2751 564 2794 cum
584 2732 707 2812 legibus
728 2734 884 2796 societatis
903 2735 1012 2812 civilia
1026 2738 1145 2800 tamen

203 2839 321 2901 magna
333 2841 405 2884 cum
418 2824 614 2887 advertentis
625 2825 741 2888 dehent
754 2829 897 2906 proponi,
916 2847 955 2888 ne
971 2828 1146 2892 ecclesias-

202 2915 272 2976 ticae
298 2916 526 2978 const‘tutionis
552 2917 629 2979 ordo
651 2920 855 2981 convellatur.
883 2921 973 2984 Unde
996 2921 1146 2984 breviter

203 3010 338 3088 quatuor
352 3007 564 3071 distinctiones
578 3010 685 3090 legum
707 3013 928 3091 expendendas
943 3032 1140 3094 proponam,

202 3117 331 3178 nempe:
347 3103 377 3161 l⁰
393 3119 462 3180 quae
479 3103 618 3181 exsurgit
633 3122 669 3164 ex
683 3104 807 3166 diverso
820 3105 961 3186 subjecto
978 3106 1063 3186 quod
1080 3107 1142 3187 jus

202 3190 292 3265 dicit;
316 3195 347 3253 2⁰
374 3211 443 3272 quae
471 3213 509 3254 ex
533 3193 657 3257 diverso
684 3196 824 3277 subjecto
851 3198 974 3278 cuijus
1000 3199 1138 3276 dieitur;

200 3286 232 3344 3⁰
247 3301 316 3363 quae
332 3303 370 3344 ex
384 3285 506 3347 diverso
522 3286 644 3366 objecto
666 3289 705 3350 de
725 3308 787 3369 quo
798 3289 851 3370 jus
866 3291 997 3366 dieitur;
1015 3296 1047 3352 4⁰
1062 3311 1139 3372 quae

201 3396 239 3438 ex
252 3376 375 3439 diverso
389 3379 483 3439 modo
500 3397 560 3458 quo
572 3379 624 3460 jus
640 3381 827 3459 publicatur.
937 3377 939 3382 ’

242 3470 386 3549 Singulas
405 3469 584 3550 hujusmodi
604 3472 817 3536 distinctiones
837 3494 1029 3554 exponemus
1051 3496 1140 3540 sem-

201 3577 258 3646 per
270 3561 353 3624 facta
367 3563 600 3642 comparatione
616 3565 656 3625 ad
676 3564 762 3644 leges
777 3567 893 3647 civiles²
910 3572 946 3630 ut
971 3570 1074 3650 magis
1096 3591 1138 3638 ac
