2518 4144
142 322 145 328 ’
211 343 251 408 tl
423 357 651 408 msnrurrouns
671 358 754 408 surus
776 359 930 408 cnuorrcr.
960 427 962 432 Ι

212 501 328 580 tentiae,
344 502 498 566 rationem
513 504 678 584 cujusdam
692 505 843 583 utilitatis,
863 506 914 566 vel
932 505 1142 586 hypothetica

213 595 417 674 necessitatis,
428 617 525 677 quum
536 598 581 659 ita
592 602 684 678 rupta
700 599 868 660 concordia
883 602 930 660 est
944 600 1028 660 inter
1043 620 1144 662 sacer

214 689 334 751 dotium
358 693 389 752 et
413 690 598 769 imperium,
620 696 655 754 ut
679 691 704 752 si
730 693 1014 754 ecclesiasticorum
1027 694 1146 774 jurium

214 782 395 844 exercitium
415 783 639 864 aliquantisper
661 804 724 846 non
745 788 992 864 temperaretur,
1024 787 1147 866 integra

214 893 313 954 regna
338 876 475 938 schisma
497 877 701 940 minarentur.
723 879 806 958 Ergo
835 879 943 958 positis
965 879 1147 960 hujusmodi

215 969 466 1047 circumstantiis,
482 971 672 1033 concordata
686 972 804 1032 habere
821 976 984 1050 coeperuut
999 991 1073 1032 eam
1094 991 1149 1052 op-

215 1062 438 1140 portunitatem
462 1065 512 1124 vel
538 1064 755 1126 necessitatem
785 1065 943 1144 quamde
970 1084 1004 1126 se
1029 1066 1149 1126 nullam

215 1155 342 1218 habeut.

254 1253 308 1310 ΞΜ
320 1252 389 1312 Gor.
404 1250 525 1331 Trana
535 1251 785 1332 assipnaripotest
794 1251 1034 1312 concordatornm
1046 1269 1151 1326 caasa;

214 1343 307 1406 altera
320 1363 421 1424 nempe
435 1345 630 1420 occasionalis,
647 1345 742 1404 altera
758 1344 877 1419 motiva,
894 1345 988 1404 altera
1001 1345 1147 1426 efficiens.
1253 1366 1254 1389 ³

257 1435 468 1498 occasionalem
486 1438 688 1518 praebuerunt
709 1438 870 1517 opiniones
891 1438 1058 1500 contrariae
1078 1457 1151 1500 auc·

215 1530 332 1592 toritati
341 1531 557 1592 ecclesiastica
570 1549 647 1610 quas
657 1531 794 1592 vidimus
802 1531 835 1590 in
844 1531 1016 1592 maximam
1025 1532 1151 1610 copiam

216 1625 309 1685 fuisse
324 1625 384 1685 hac
396 1625 507 1686 ultima
518 1627 610 1686 aetate
624 1627 850 1704 propugnatne.

241 1721 357 1788 ,Causa
381 1719 490 1778 metica
514 1717 572 1777 fuit
592 1718 719 1778 ambitio
745 1717 932 1796 principum,
958 1717 1011 1796 qui
1036 1736 1152 1796 nempe

216 1813 380 1888 coeperunt
394 1809 565 1870 Ecclesiam
579 1810 690 1871 timere
708 1814 859 1890 tanquam
880 1811 1027 1871 aemulam
1047 1814 1080 1871 et
1100 1830 1152 1872 ea·

216 1905 344 1982 propter
354 1902 478 1982 juribus
488 1903 570 1964 illius
582 1903 733 1965 invidere.

258 1995 406 2076 Efficiam
420 1999 525 2056 antem
541 2015 636 2057 causa
649 1997 707 2058 fuit
727 1996 824 2076 ipsius
843 1996 989 2057 Ecclesia
1005 2001 1154 2060 materna

217 2089 316 2169 pietas
329 2092 360 2150 et
372 2088 558 2167 sollicitudo,
573 2109 642 2170 qua
653 2107 766 2168 nempe
782 2107 879 2169 quum
891 2093 997 2168 posset
1008 2091 1153 2152 medium

217 2183 449 2263 compositionis
467 2183 605 2262 reperire
625 2183 657 2242 in
674 2185 924 2260 temperamento
945 2183 1084 2244 exercitii
1098 2183 1154 2264 ju-

216 2278 298 2338 rium
321 2277 378 2336 sibi
399 2277 653 2354 competentium,
678 2275 738 2336 hoc
758 2275 869 2336 maluit
895 2275 1034 2354 arripere
1055 2295 1153 2356 quam

213 2369 337 2448 juribus
347 2368 421 2446 ipsis
435 2369 557 2445 cedere,
577 2369 661 2448 quod
676 2369 817 2447 inspecta
836 2369 942 2428 divina
956 2369 1153 2430 institutione

217 2459 345 2519 minime
359 2463 492 2538 poterat,
513 2461 563 2521 vel
584 2461 836 2540 quamplurium
859 2461 1064 2522 ecclesiarum
1081 2481 1152 2541 par-

217 2553 394 2614 ticularium
418 2553 543 2614 ruinam
567 2554 763 2633 permittere,
787 2554 870 2634 quod
894 2557 1046 2616 materna
1068 2555 1153 2616 illius

219 2646 366 2708 obstabat
378 2647 578 2708 sollicitudini
594 2651 625 2708 et
638 2647 793 2710 charitati.
900 2677 903 2684 s

250 2744 310 2800 '3⁰¹⁰
332 2742 401 2802 Gor.
426 2739 511 2800 Finis
531 2747 657 2820 propter
681 2760 766 2822 quem
793 2739 967 2802 concordata
988 2740 1155 2801 initamini

216 2852 273 2890 nan
285 2831 347 2911 fait
358 2830 466 2893 directa
480 2832 597 2912 quidem
607 2841 635 2894 ct
645 2831 773 2894 absolate
785 2834 900 2894 utilitas
914 2835 945 2894 in
954 2853 994 2911 se,
1007 2852 1079 2913 quae
1093 2853 1152 2913 pro

217 2925 310 2985 rebus
338 2925 485 2986 Ecclesia
510 2926 629 3003 sperari
650 2929 773 3005 poterat
796 2927 828 2986 in
848 2928 1018 3004 abstracto,
1044 2928 1102 2989 sed
1119 2947 1154 2988 ea

217 3017 330 3078 utilitas
343 3017 467 3078 relativa
481 3025 510 3078 et
526 3027 669 3097 concreta,
687 3039 756 3098 quae
772 3020 891 3099 sperari
906 3024 1031 3100 poterat
1044 3019 1070 3080 si
1085 3039 1153 3082 res·

216 3115 394 3172 tauraretur
405 3111 455 3171 vel
468 3115 646 3174 servaretur
661 3113 829 3174 concordia
844 3113 1056 3176 socerdotium
1069 3114 1153 3175 iuter

218 3207 249 3264 et
261 3203 438 3282 imperium,
452 3223 522 3284 qua
538 3206 635 3265 semel
649 3207 784 3286 abrupta
799 3210 876 3268 erat.
1254 3257 1255 3284 3

254 3301 311 3358 4⁰¹²
332 3298 402 3358 Gor.
427 3295 557 3358 Mediam
575 3299 695 3360 electam
716 3300 747 3360 in
768 3299 844 3360 banc
862 3300 952 3382 finem
974 3299 1037 3373 fnit
1057 3302 1153 3362 amica
1254 3371 1255 3374 Ἴ

216 3389 351 3473 paredam
371 3391 529 3469 conventio,
553 3411 609 3453 seu
630 3396 774 3471 pactum,
791 3394 842 3454 vel
858 3397 1038 3456 contractus
1055 3393 1152 3456 initus

216 3484 299 3546 inter
314 3484 392 3544 duas
407 3503 569 3563 supremas
584 3489 764 3566 potestates,
778 3486 1022 3549 ecclesiasticam
1037 3505 1151 3570 nempe

217 3580 249 3640 et
262 3576 396 3642 civilem.
