2540 4132
196 345 253 406 loc
402 357 631 402 msrrrurmuns
652 359 735 404 runis
757 359 913 405 annosior.

231 505 298 564 Duo
312 503 385 562 sunt
398 501 515 580 gradus
529 501 692 580 potestatis
703 501 821 562 ordinis
833 503 885 582 qui
898 502 1078 581 diriguntur
1088 503 1130 564 ad

191 615 313 657 sacram
328 593 557 656 Eucharistiam
568 595 806 672 conficiendam,
820 615 875 655 seu
888 595 929 655 ed
941 595 1130 656 sacrificium

191 690 387 751 offerendum
408 708 414 748 :
433 687 619 766 episcopalis
633 707 746 766 nempe
759 692 791 749 et
801 688 1024 767 presbyteralis
1036 689 1125 750 ordo.

191 783 280 845 Unde
293 783 440 842 dicuntur
454 780 510 840 soli
527 781 652 841 ordines
669 781 890 842 sacerdotales

230 876 359 956 Utrique
376 873 468 954 hujus
482 873 600 934 ordinis
612 874 724 953 gradui
738 875 849 934 eadem
860 873 1011 953 competit
1024 877 1130 953 potes-

189 975 237 1030 tas
256 968 360 1048 quoad
379 967 535 1036 actualem
558 967 762 1028 Eucharistiae
786 967 1047 1041 celebrationem3
1073 970 1129 1028 sed

149 1105 152 1110 ,
188 1064 220 1122 id
244 1061 378 1140 amplius
404 1060 500 1121 habet
524 1060 708 1138 episcopalis
734 1063 769 1120 ut
799 1061 983 1121 facultatem
1013 1061 1129 1122 habeat

189 1153 394 1235 perpetuandi
407 1153 467 1213 hoe
488 1153 708 1229 sacerdotium,
727 1153 787 1214 hcc
801 1153 992 1214 sacrificium
1006 1173 1064 1232 per
1078 1173 1128 1215 or-

189 1241 1124 1324 dinationeminleriorumsacerdotum,seupresbyterorum.

189 1343 278 1406 Unde
293 1341 489 1419 episcopatus
508 1339 718 1400 sacerdotium
737 1339 829 1416 primi
846 1340 977 1417 ordinis,
994 1341 1128 1418 presby-

188 1438 306 1495 teratus
336 1433 546 1493 sacerdotium
579 1431 707 1492 secundi
742 1432 860 1492 ordinis
894 1432 954 1492 diei
985 1437 1126 1510 possunt.

189 1526 357 1604 Utriusque
370 1529 476 1586 autem
490 1525 575 1585 idem
589 1543 716 1603 prorsus
726 1524 779 1604 jus
793 1529 839 1585 est
859 1543 896 1584 ac
921 1525 1002 1586 ratio
1026 1527 1059 1586 in
1080 1545 1130 1587 or-

193 1618 265 1678 dine
278 1617 318 1676 ad
331 1618 531 1678 sacrificium.

229 1710 291 1772 Sed
312 1710 443 1788 simplex
468 1710 676 1772 ministerium
696 1710 790 1771 modo
821 1711 1003 1790 proximiuS,
1035 1713 1129 1774 modo

189 1802 337 1864 remotius
352 1803 393 1862 ad
407 1821 485 1880 opus
500 1803 577 1862 illud
592 1798 800 1880 sacrificandi,
814 1805 899 1884 quod
909 1804 984 1865 solis
1002 1823 1129 1884 compe-

189 1898 226 1958 tit
249 1894 474 1972 sacerdotibus,
500 1896 532 1954 in
556 1894 696 1956 Ecclesia
717 1897 847 1958 aceedit.
876 1898 966 1960 Unde
992 1899 1053 1960 sub
1068 1899 1129 1959 hoo

190 1992 332 2070 respectu
354 1993 420 2050 tota
442 1989 619 2050 hierarchia
641 1989 758 2050 ordinis
785 1995 890 2068 posset
923 1991 1076 2071 distingui
1099 1992 1130 2051 in

192 2085 276 2146 duos·
282 2083 400 2164 gradus
412 2084 585 2162 generales,
599 2083 810 2143 sacerdotium
823 2101 936 2162 nempe
948 2088 980 2144 et
989 2085 1130 2146 ministe

190 2179 282 2256 rium,
296 2196 432 2257 quorum
448 2179 580 2256 uterque
589 2175 738 2254 recipitin
749 2195 782 2236 se
792 2177 989 2238 subalteruos
999 2178 1128 2256 gradus,

229 2274 279 2334 Vl.
303 2271 334 2334 Si
363 2290 437 2332 vero
469 2269 772 2330 consideraverimus
798 2273 988 2348 potestatem
1010 2271 1130 2332 ordinis

190 2365 220 2422 to
239 2363 340 2423 ordine
367 2363 408 2422 od
423 2371 594 2424 ceterorum
611 2369 857 2422 sacramentorum
872 2363 1084 2442 consertionem
1102 2373 1129 2424 et

189 2455 439 2534 dispensationem,
452 2456 565 2534 singuli
582 2455 807 2516 diversomodo
818 2456 850 2515 in
865 2456 898 2516 id
913 2460 1047 2534 possunt
1059 2475 1129 2518 eoo-

188 2547 302 2626 perari.

227 2645 307 2703 Nam
334 2644 363 2703 l⁰
384 2641 446 2702 duo
476 2644 548 2702 sunt
569 2646 767 2702 sacramenta
793 2660 927 2721 quorum
963 2643 1129 2703 conficien-

101 2746 105 2757 '
188 2735 300 2795 dorum
315 2735 484 2796 auctoritas
503 2734 576 2796 solis
606 2734 699 2794 datur
723 2734 887 2814 episcopis,
913 2753 969 2795 seu
993 2753 1128 2815 quorum

187 2827 311 2886 collatio
326 2830 413 2888 aetus
431 2831 477 2888 est
489 2827 634 2906 proprius
650 2827 767 2888 ordinis
780 2827 966 2906 episcopalis
985 2847 991 2888 :
1012 2828 1127 2888 contir-

186 2917 281 2978 metio
292 2917 410 2979 scilieet
421 2922 452 2979 et
460 2919 549 2996 crdo,
562 2938 695 2999 quorum
702 2919 879 2980 ordinarius
889 2920 1034 2982 minister
1047 2919 1126 2998 epis-

186 3029 283 3090 copus
298 3013 355 3087 est,
370 3010 446 3070 dum
461 3016 647 3074 caeterorum
659 3013 927 3079 conficiendorum
937 3016 1127 3092 potestatem

185 3105 302 3166 hebent
312 3103 449 3182 episcopi
463 3123 535 3165 cum
545 3105 736 3183 presbyteris
751 3124 962 3168 communem.

223 3201 255 3259 2⁰
267 3197 411 3275 Exceptis
427 3197 475 3258 his
489 3198 611 3258 duobus
624 3199 828 3260 sacramentis
841 3199 1012 3278 episcopali
1023 3197 1125 3259 ordini

184 3290 362 3368 reservatis,
393 3293 424 3352 et
449 3291 581 3352 fortasse
614 3291 825 3368 matrimonio,
863 3293 904 3353 ob
932 3291 1124 3372 singularem

183 3383 276 3464 hujus
289 3383 478 3445 sacramenti
499 3387 655 3462 naturam,
681 3388 866 3446 caeterorum
886 3385 1027 3446 omnium
1050 3401 1124 3444 eou-

183 3475 385 3538 ferendorum
399 3476 542 3537 minister
556 3476 732 3538 ordinarius
746 3478 911 3557 presbyter
926 3481 983 3539 est.

223 3568 253 3623 3⁰
266 3567 394 3628 Diaconi
424 3569 538 3628 nullius
565 3571 752 3630 sacramenti
780 3571 962 3630 conterendi
988 3569 1123 3630 ministri
