2518 4144
318 371 425 420 ioome
446 373 598 422 seseseus
618 375 703 422 sums
723 373 877 422 essenos.
1026 367 1066 430 85

176 518 229 580 lv.
251 519 377 580 laterna
391 521 579 598 argumenta
589 521 740 598 petuntur
747 523 815 582 tum
826 539 865 582 ex
874 521 1062 603 dogmatica,

112 612 204 672 tum
215 627 253 670 ex
267 611 458 690 disoiplinari
474 612 617 674 doatiina
631 632 701 692 quae
716 613 747 674 in
770 612 949 694 hujusmodi
970 635 1066 680 oana-

58 705 61 710 '
131 702 226 764 nibus
240 704 411 782 reperitur:

172 797 223 857 Ad
242 797 418 860 doctrinam
433 799 627 878 dopmatt'eam
644 819 714 879 quse
736 803 889 879 spectant,
912 801 1065 864 habemus

131 909 271 952 oenones
284 895 323 954 45
337 895 417 954 etta
433 892 499 971 (seu
510 893 601 972 juxta
620 893 696 954 alias
711 893 874 971 editiones,
895 897 935 956 46
954 898 986 956 et
999 897 1062 974 47),

131 984 188 1063 qui
205 983 319 1063 jubent
333 1005 339 1046 :
357 984 554 1064 deponendum
567 1005 625 1047 esse
637 987 774 1048 clericam
787 987 841 1068 qai
854 1003 919 1048 aeae
933 987 1067 1068 baptizo-

131 1085 196 1136 tum
209 1076 447 1157 rebaptizaverit,
462 1079 508 1139 oel
524 1079 670 1159 pollutum
689 1079 725 1140 ab
741 1080 838 1160 impius
856 1101 914 1142 ooo
936 1080 1066 1161 baptisa-

129 1170 219 1244 verit,
235 1177 335 1250 utpote
347 1191 404 1231 ooo
419 1170 642 1251 dottnpmtem
663 1173 740 1234 sister
757 1173 916 1234 sacerdotes
936 1193 1018 1236 oetas
1037 1183 1066 1236 et

130 1263 311 1344 impostores,
326 1263 403 1324 iota
418 1263 568 1326 Comatam
584 1277 613 1326 et
626 1265 735 1341 Betae,
755 1267 809 1346 qui
827 1271 911 1329 certe
930 1267 996 1330 siva
1013 1287 1066 1330 ra·

129 1356 218 1420 tione
227 1355 390 1419 sententiae
398 1376 494 1437 quam
506 1359 681 1436 proterunt,
694 1359 759 1420 sive
772 1360 893 1422 ratione
904 1360 990 1422 modi
1001 1380 1063 1442 quo

129 1450 664 1528 proponuntur,videoturhaeresim
671 1451 932 1531 rebaptizantium
940 1471 1060 1534 sapere.

170 1545 218 1604 lta
228 1543 381 1604 habemus
396 1562 549 1605 canonem
562 1547 600 1606 84
614 1545 675 1624 (vel
688 1545 738 1625 85)
753 1546 806 1625 qui
821 1564 999 1626 proponens
1011 1567 1065 1610 oa·

14 1705 17 1710 ,
129 1637 272 1716 talogum
290 1655 451 1698 sacrarum
466 1638 716 1717 Seriptnrarum,
736 1658 798 1701 non
817 1640 919 1701 solum
938 1657 1000 1702 non
1016 1661 1063 1702 re·

129 1733 237 1792 censet
247 1731 399 1810 quasdam
410 1731 579 1809 scripturas
590 1732 899 1810 deuteroeanonieas,
911 1733 967 1794 sed
977 1733 1062 1814 quod

129 1823 231 1902 magis
243 1826 307 1899 est,
322 1823 354 1884 in
369 1842 478 1884 earum
489 1825 558 1886 loeo
573 1829 715 1887 recenset
728 1830 763 1887 ut
774 1825 957 1902 eanonieos,
974 1825 1063 1905 agio-

128 1915 325 1995 graphorum
345 1917 498 1996 quosdam
519 1917 629 1994 libras,
652 1937 731 1998 quos
750 1919 890 1980 Eoolesia
908 1921 943 1980 ut
968 1919 1062 1996 inspi-

129 2011 215 2071 ratos
233 2028 393 2088 nunquam
410 2010 530 2072 habuit.
550 2013 596 2072 lta
619 2030 681 2071 nan
702 2012 799 2087 duos,
820 2011 877 2072 sed
892 2015 956 2072 tres
975 2010 1062 2072 novit

128 2102 385 2164 Machabaeorum
406 2103 517 2176 libr0s;
538 2103 647 2164 inserit
662 2103 744 2164 inter
757 2103 968 2182 agiographos
983 2103 1062 2162 duas

129 2194 278 2274 epistolas
293 2195 475 2270 Clementis3
493 2200 524 2258 et
538 2196 623 2275 quod
637 2195 726 2276 pejus
745 2199 802 2271 est,
824 2195 892 2254 illas
911 2193 1063 2254 eonstitu-

127 2289 231 2350 tiones
246 2289 433 2366 apostolicas
450 2290 489 2350 de
503 2307 637 2369 quarum
652 2287 838 2350 auctoritate
854 2287 948 2348 modo
964 2285 1063 2348 disse·

128 2381 261 2444 ruimus.
278 2383 360 2461 Erga
375 2383 453 2444 fides
468 2383 516 2442 his
536 2383 707 2444 canonibus
722 2399 879 2460 expressa,
892 2381 970 2442 tldes
985 2398 1061 2459 apo-

128 2476 281 2538 stolorum
289 2494 351 2536 non
361 2479 422 2549 est;
431 2477 509 2538 fides
517 2477 601 2538 enim
613 2473 1060 2554 apostolarumfideiEeelesiae

65 2586 67 2588 ·
128 2568 287 2631 contraria
301 2587 367 2630 esse
383 2569 500 2649 nequit.

80 2718 83 2722 .
166 2661 350 2723 Evidentius
365 2681 416 2722 res
431 2665 517 2740 patet
531 2681 569 2722 ex
584 2662 727 2723 doctrina
741 2660 928 2740 disciplinari
944 2659 1058 2721 horum

126 2773 297 2816 canonum.
320 2757 394 2816 Haea
423 2759 528 2817 autem
549 2755 713 2833 disciplina
740 2758 843 2833 potest
866 2752 1057 2815 senaderari

114 2851 194 2910 'tum
216 2849 321 2926 quoad
340 2868 384 2924 se,
407 2867 447 2910 an
469 2868 581 2928 nempe
606 2849 638 2907 in
659 2848 763 2926 seipsa
783 2847 939 2926 inspecta,
962 2845 1059 2908 ratio·

124 2941 240 3002 nabilis
266 2941 315 3019 sit,
338 2942 388 3002 vel
417 2945 599 3019 comparata
624 2945 802 3019 temporum
826 2938 992 3020 adjunctis,
1016 2957 1057 3000 aa

124 3034 245 3096 scilieet
259 3053 330 3096 aum
345 3035 419 3114 ipsis
440 3035 538 3114 possit
551 3034 720 3097 conciliari.
738 3036 835 3096 Porro
853 3033 912 3094 sub
924 3036 1057 3112 utroque

123 3131 283 3208 respectu,
296 3129 509 3208 apostolorum
524 3147 591 3190 esse
606 3128 725 3208 nequit.

165 3223 244 3282 Nam
279 3222 320 3282 ad
344 3222 481 3300 primum
508 3222 594 3301 quod
626 3224 747 3300 spectat
777 3219 930 3282 habemus
963 3237 1059 3279 oana-

123 3333 197 3376 nem
211 3318 249 3376 16
269 3315 329 3394 (vel
346 3315 424 3376 alias
443 3315 490 3394 17)
507 3315 560 3396 qui
577 3313 751 3394 praeseribit
766 3333 772 3374 :
790 3310 988 3394 deponendam
1000 3328 1058 3370 esse

123 3407 261 3468 clementa
271 3408 318 3470 vel
326 3407 631 3469 excommunicandum
642 3407 747 3468 laicum
759 3407 813 3487 qui
820 3407 867 3467 vel
875 3404 922 3465 die
931 3399 1056 3477 sabbati,
1165 3483 1167 3487 ι

122 3501 170 3562 vel
182 3501 328 3566 dominice
331 3502 526 3583 jejunaverit,
543 3519 608 3562 una
624 3501 736 3562 eadem
750 3499 859 3578 regula
871 3498 910 3558 de
924 3497 1056 3574 utroque

86 3681 88 3685 ,
123 3594 174 3656 dia
187 3598 338 3659 statuens.
356 3598 422 3658 Hoo
437 3615 500 3658 non
514 3611 688 3658 consonum
706 3597 756 3654 est
771 3588 932 3652 sententiae
945 3587 1058 3650 eonsti-
