2502 4130
341 359 379 404 nu
400 359 530 407 omucro
550 361 633 412 sunu
655 361 809 412 cenoman
982 351 1039 412 337

104 501 201 566 nibus
215 502 414 582 militaribus,
422 505 454 565 in
468 505 582 586 quibus
594 506 653 567 sub
663 505 778 585 Magno
788 507 937 590 Magistro
945 507 1040 572 habc-

103 597 225 658 bantur
237 599 358 679 pn'ores
369 602 401 660 et
411 597 528 674 ballivi,
544 603 603 660 etc.

150 693 304 753 Votorum
315 695 346 753 et
363 692 490 772 quidem
500 691 668 752 solemnium
678 693 1040 773 amteritos,pleuissimae

103 785 303 864 paupertatis
321 784 478 862 studium,
503 786 676 864 operositas
694 785 724 848 et
738 787 881 848 activitas
902 787 1040 850 caritatis

102 877 285 939 christiana
297 881 361 940 tres
381 879 508 940 fuerunt·
527 882 608 940 notae
631 879 892 942 characteristica
915 881 1041 944 iustitu-

100 976 211 1032 torum
224 972 417 1051 regularium
428 971 532 1051 ¹tertiae
550 972 682 1051 periodi.
703 973 810 1035 Restat
822 977 856 1034 ut
875 973 1039 1036 videamus

103 1063 197 1146 cujus
213 1064 352 1126 utilitatis
364 1066 491 1126 fuerunt
504 1084 561 1145 pro
578 1065 747 1127 christiana
761 1067 932 1146 republica,
947 1072 1006 1130 etc.

250 1214 280 1251 oc
292 1211 394 1252 utttttatc
403 1213 454 1252 etta
465 1212 575 1262 noctur-ts
584 1221 626 1261 pro
635 1212 760 1253 ceruum
769 1213 893 1263 musica,

146 1331 227 1392 XIX.
240 1331 393 1393 Votorum
403 1335 434 1392 et
443 1331 570 1410 quidem
580 1331 767 1392 solemnium
777 1332 953 1409 austeritas,
962 1332 1038 1394 dum

102 1443 143 1484 ex
165 1442 228 1484 una
253 1428 342 1503 parte
371 1425 532 1486 reficiebat
551 1424 723 1502 collapsam
742 1425 920 1504 regularem
944 1424 1038 1487 disci-

98 1517 237 1596 plinam,
259 1536 297 1577 ex
310 1517 371 1578 alia
385 1518 535 1579 saeculum
550 1518 744 1596 provocabat
766 1519 806 1579 ad
823 1519 954 1580 virtutes
968 1519 1038 1581 illas

98 1610 187 1671 unde
200 1610 327 1671 omnino
341 1611 508 1672 defecerat.
525 1613 564 1673 ut
578 1631 649 1672 cum
664 1611 827 1688 mollitieS,
848 1611 955 1688 luxus,
970 1630 1038 1672 am-

99 1704 180 1765 bitio
196 1722 260 1764 non
276 1707 398 1765 tantum
412 1704 508 1765 laicos
531 1705 625 1782 viros,
647 1704 813 1766 sedetiam
834 1703 963 1766 clericos
981 1723 1038 1783 per

102 1800 230 1858 aetatem
242 1796 328 1856 illam
343 1815 406 1857 non
420 1816 532 1876 parum
546 1797 735 1874 infecissent,
752 1797 825 1858 inde
837 1796 913 1858 talia
927 1815 1039 1877 propo·

103 1890 264 1951 nebantur
279 1889 416 1970 cujusvis
436 1890 561 1970 generis
575 1889 726 1964 instituta,
745 1889 858 1968 quibus
874 1909 982 1951 omnes
997 1889 1038 1951 ad

101 1981 324 2062 perlectiorem
339 1982 436 2044 vitam
451 1983 571 2062 possint
581 1981 703 2043 incitari
722 2001 728 2041 :

146 2077 177 2135 l⁰
198 2074 325 2136 Clericis
338 2076 546 2155 praefulgebat
557 2075 732 2136 institutum
752 2073 975 2134 canonicorum
987 2093 1038 2134 rc·

104 2167 279 2248 gularium,
287 2171 438 2247 tanquam
452 2168 576 2230 vivendi
588 2168 747 2246 exemplar
756 2165 918 2228 clericatus
928 2185 1038 2247 perpe·

99 2265 212 2333 tuum;
228 2260 317 2322 laicis
332 2261 507 2324 institutum
520 2261 666 2321 ordinum
681 2258 872 2340 equestrium
886 2262 1038 2338 tanquam

100 2352 265 2432 exemplar
272 2353 424 2415 virtutum
435 2374 505 2434 quae
520 2373 592 2414 cnm
601 2353 703 2414 laicali
712 2356 794 2414 statu
808 2355 954 2432 poterant
966 2371 1037 2414 con·

92 2446 237 2533 ‚sociari;
266 2447 411 2508 omnibus
426 2447 602 2508 institutum
622 2445 869 2507 mendicantium
887 2449 1038 2527 tanquam

101 2540 266 2618 exemplar
288 2540 478 2619 evangelicae
497 2539 697 2619 perfectionis
716 2539 843 2600 cuilibet
868 2538 962 2600 statui
985 2558 1038 2618 ap-

99 2633 274 2712 plicandam
303 2636 335 2694 et
358 2633 496 2713 quadam
520 2632 703 2712 gradatione
725 2631 916 2709 incipiebant
935 2631 1036 2708 primo

99 2725 245 2787 instituta
260 2725 446 2786 clericorum
458 2725 662 2804 regularium,
672 2723 784 2784 deinde
797 2722 939 2784 instituta
951 2741 1038 2782 men·

102 2807 291 2894 dicantium,
311 2822 346 2879 ut
360 2817 461 2897 primo
479 2817 602 2894 clerici,
620 2816 735 2878 deinde
755 2815 825 2877 laici
848 2835 905 2894 per
919 2815 1038 2895 gradus

102 2911 311 2972 ascendentes
330 2911 529 2990 perfectiouis
548 2911 589 2971 ad
600 2909 762 2970 meliorem
774 2909 898 2988 frugem
908 2928 1039 2972 revoca-

101 3007 222 3065 rentur.
233 3004 295 3065 Sed
306 3003 574 3083 quemadmodum
584 3003 695 3064 vitium
709 3003 809 3064 aetatis
819 3002 901 3064 illius
913 3003 946 3062 in
955 3003 1038 3064 fastu

102 3101 135 3159 et
148 3097 335 3176 praepotenti
350 3097 499 3158 decorato
515 3096 674 3175 praecipue
689 3096 889 3173 consistebat,
901 3097 1039 3158 itasum-

103 3208 193 3252 mum
208 3190 403 3269 paupertatis
423 3194 454 3250 et
467 3189 649 3250 humilitatis
662 3189 800 3250 studium
815 3190 898 3270 quod
912 3207 1040 3268 promo·

102 3284 221 3344 vehant
243 3283 368 3344 ordines
383 3282 644 3359 mendicantium,
661 3282 762 3342 visum
783 3287 830 3343 cst
844 3282 1039 3360 praecipuum

102 3375 228 3439 virtutis
251 3378 411 3456 exemplar
429 3376 512 3439 vitiis
534 3375 627 3456 hujus
651 3375 750 3436 aetatis
772 3373 922 3454 peculiari
942 3374 1037 3439 modo

104 3469 362 3548 contrapositum.

146 3563 234 3638 Quod
258 3565 290 3624 et
305 3563 380 3650 ipsis
396 3563 550 3628 hereticis
569 3561 653 3624 haud
668 3559 858 3623 intentatum
871 3561 1036 3636 novimus;
