<?xml version="1.0" encoding="UTF-8"?>
<!DOCTYPE html PUBLIC "-//W3C//DTD XHTML 1.0 Transitional//EN"
    "http://www.w3.org/TR/xhtml1/DTD/xhtml1-transitional.dtd">
<html xmlns="http://www.w3.org/1999/xhtml" xml:lang="en" lang="en">
 <head>
  <title>
</title>
<meta http-equiv="Content-Type" content="text/html;charset=utf-8" />
  <meta name='ocr-system' content='tesseract 3.04.00' />
  <meta name='ocr-capabilities' content='ocr_page ocr_carea ocr_par ocr_line ocrx_word'/>
</head>
<body>
  <div class='ocr_page' id='page_1' title='image "./institutionesju03marigoog_0219.png"; bbox 0 0 2542 4122; ppageno 0'>
   <div class='ocr_carea' id='block_1_1' title="bbox 390 315 1087 376">
    <p class='ocr_par' dir='ltr' id='par_1_1' title="bbox 390 315 1087 376">
     <span class='ocr_line' id='line_1_1' title="bbox 390 315 1087 376; baseline 0.01 -7"><span class='ocrx_word' id='word_1_1' title='bbox 390 327 428 370; x_wconf 82' lang='lat' dir='ltr'>nn</span> <span class='ocrx_word' id='word_1_2' title='bbox 450 325 580 374; x_wconf 79' lang='lat' dir='ltr'>omacro</span> <span class='ocrx_word' id='word_1_3' title='bbox 600 325 684 374; x_wconf 80' lang='lat' dir='ltr'>rums</span> <span class='ocrx_word' id='word_1_4' title='bbox 706 326 860 372; x_wconf 79' lang='lat' dir='ltr'>annorum.</span> <span class='ocrx_word' id='word_1_5' title='bbox 1032 315 1087 376; x_wconf 74' lang='lat'>211</span> 
     </span>
    </p>
   </div>
   <div class='ocr_carea' id='block_1_2' title="bbox 152 469 1152 3240">
    <p class='ocr_par' dir='ltr' id='par_1_2' title="bbox 154 469 1092 1016">
     <span class='ocr_line' id='line_1_2' title="bbox 155 469 1091 554; baseline 0 -20"><span class='ocrx_word' id='word_1_6' title='bbox 155 472 273 554; x_wconf 79' lang='lat' dir='ltr'>gradus</span> <span class='ocrx_word' id='word_1_7' title='bbox 287 471 455 550; x_wconf 84' lang='lat' dir='ltr'>postquem</span> <span class='ocrx_word' id='word_1_8' title='bbox 469 469 562 532; x_wconf 86' lang='lat' dir='ltr'>realis</span> <span class='ocrx_word' id='word_1_9' title='bbox 576 469 676 532; x_wconf 88' lang='lat' dir='ltr'>faetus</span> <span class='ocrx_word' id='word_1_10' title='bbox 690 473 747 548; x_wconf 87' lang='lat' dir='ltr'>est,</span> <span class='ocrx_word' id='word_1_11' title='bbox 756 489 819 532; x_wconf 90' lang='lat' dir='ltr'>non</span> <span class='ocrx_word' id='word_1_12' title='bbox 831 489 980 552; x_wconf 80' lang='lat' dir='ltr'>magnam</span> <span class='ocrx_word' id='word_1_13' title='bbox 996 473 1091 536; x_wconf 87' lang='lat' dir='ltr'>habe-</span> 
     </span>
     <span class='ocr_line' id='line_1_3' title="bbox 157 563 1092 644; baseline -0.001 -15"><span class='ocrx_word' id='word_1_14' title='bbox 157 569 211 628; x_wconf 87' lang='lat' dir='ltr'>bat</span> <span class='ocrx_word' id='word_1_15' title='bbox 235 563 444 626; x_wconf 84' lang='lat' dir='ltr'>differentiam</span> <span class='ocrx_word' id='word_1_16' title='bbox 458 581 478 623; x_wconf 95' lang='lat' dir='ltr'>a</span> <span class='ocrx_word' id='word_1_17' title='bbox 493 582 624 624; x_wconf 87' lang='lat' dir='ltr'>munere</span> <span class='ocrx_word' id='word_1_18' title='bbox 641 564 895 642; x_wconf 87' lang='lat' dir='ltr'>metropolitano,</span> <span class='ocrx_word' id='word_1_19' title='bbox 910 566 960 626; x_wconf 89' lang='lat' dir='ltr'>vel</span> <span class='ocrx_word' id='word_1_20' title='bbox 975 566 1092 644; x_wconf 88' lang='lat' dir='ltr'>prima-</span> 
     </span>
     <span class='ocr_line' id='line_1_4' title="bbox 154 656 1092 736; baseline 0 -16"><span class='ocrx_word' id='word_1_21' title='bbox 154 658 232 734; x_wconf 90' lang='lat' dir='ltr'>tiali,</span> <span class='ocrx_word' id='word_1_22' title='bbox 253 657 316 718; x_wconf 92' lang='lat' dir='ltr'>imo</span> <span class='ocrx_word' id='word_1_23' title='bbox 340 656 391 717; x_wconf 86' lang='lat' dir='ltr'>isti</span> <span class='ocrx_word' id='word_1_24' title='bbox 411 656 507 734; x_wconf 85' lang='lat' dir='ltr'>legati</span> <span class='ocrx_word' id='word_1_25' title='bbox 529 657 592 717; x_wconf 88' lang='lat' dir='ltr'>nati</span> <span class='ocrx_word' id='word_1_26' title='bbox 616 657 647 718; x_wconf 88' lang='lat' dir='ltr'>vi</span> <span class='ocrx_word' id='word_1_27' title='bbox 663 657 828 718; x_wconf 82' lang='lat' dir='ltr'>ordinariae</span> <span class='ocrx_word' id='word_1_28' title='bbox 850 676 915 718; x_wconf 80' lang='lat' dir='ltr'>suae</span> <span class='ocrx_word' id='word_1_29' title='bbox 927 658 1092 736; x_wconf 84' lang='lat' dir='ltr'>legationis</span> 
     </span>
     <span class='ocr_line' id='line_1_5' title="bbox 156 748 1091 829; baseline 0 -17"><span class='ocrx_word' id='word_1_30' title='bbox 156 748 407 828; x_wconf 77' lang='lat' dir='ltr'>metropolitanis</span> <span class='ocrx_word' id='word_1_31' title='bbox 419 749 469 809; x_wconf 90' lang='lat' dir='ltr'>vel</span> <span class='ocrx_word' id='word_1_32' title='bbox 484 748 669 827; x_wconf 85' lang='lat' dir='ltr'>primatibus</span> <span class='ocrx_word' id='word_1_33' title='bbox 682 749 867 829; x_wconf 82' lang='lat' dir='ltr'>aequiparati</span> <span class='ocrx_word' id='word_1_34' title='bbox 883 753 966 828; x_wconf 89' lang='lat' dir='ltr'>sunt,</span> <span class='ocrx_word' id='word_1_35' title='bbox 983 769 1091 812; x_wconf 83' lang='lat' dir='ltr'>seeun-</span> 
     </span>
     <span class='ocr_line' id='line_1_6' title="bbox 155 840 1091 922; baseline 0 -18"><span class='ocrx_word' id='word_1_36' title='bbox 155 845 232 904; x_wconf 91' lang='lat' dir='ltr'>dum</span> <span class='ocrx_word' id='word_1_37' title='bbox 256 841 342 922; x_wconf 87' lang='lat' dir='ltr'>quod</span> <span class='ocrx_word' id='word_1_38' title='bbox 356 840 514 921; x_wconf 82' lang='lat' dir='ltr'>subjectos</span> <span class='ocrx_word' id='word_1_39' title='bbox 529 841 689 908; x_wconf 88' lang='lat' dir='ltr'>habebant</span> <span class='ocrx_word' id='word_1_40' title='bbox 712 842 876 920; x_wconf 80' lang='lat' dir='ltr'>episcopos</span> <span class='ocrx_word' id='word_1_41' title='bbox 890 845 1024 920; x_wconf 86' lang='lat' dir='ltr'>tantum,</span> <span class='ocrx_word' id='word_1_42' title='bbox 1042 845 1091 904; x_wconf 87' lang='lat' dir='ltr'>vel</span> 
     </span>
     <span class='ocr_line' id='line_1_7' title="bbox 155 934 525 1016; baseline 0 -20"><span class='ocrx_word' id='word_1_43' title='bbox 155 938 242 1016; x_wconf 88' lang='lat' dir='ltr'>ipsos</span> <span class='ocrx_word' id='word_1_44' title='bbox 256 934 525 1012; x_wconf 79' lang='lat' dir='ltr'>metropolitanos,</span> 
     </span>
    </p>

    <p class='ocr_par' dir='ltr' id='par_1_3' title="bbox 153 1026 1152 1578">
     <span class='ocr_line' id='line_1_8' title="bbox 197 1026 1092 1108; baseline 0.001 -19"><span class='ocrx_word' id='word_1_45' title='bbox 197 1028 265 1089; x_wconf 83' lang='lat' dir='ltr'>Dixi</span> <span class='ocrx_word' id='word_1_46' title='bbox 282 1047 288 1088; x_wconf 91' lang='lat'>:</span> <span class='ocrx_word' id='word_1_47' title='bbox 305 1027 337 1088; x_wconf 84' lang='lat' dir='ltr'>oi</span> <span class='ocrx_word' id='word_1_48' title='bbox 347 1026 508 1088; x_wconf 74' lang='lat' dir='ltr'>ordinarie</span> <span class='ocrx_word' id='word_1_49' title='bbox 533 1028 696 1108; x_wconf 73' lang='lat' dir='ltr'>lepotionis,</span> <span class='ocrx_word' id='word_1_50' title='bbox 714 1027 953 1107; x_wconf 74' lang='lat' dir='ltr'>praescindendo</span> <span class='ocrx_word' id='word_1_51' title='bbox 968 1030 1009 1090; x_wconf 87' lang='lat' dir='ltr'>ab</span> <span class='ocrx_word' id='word_1_52' title='bbox 1024 1029 1092 1091; x_wconf 87' lang='lat' dir='ltr'>aliis</span> 
     </span>
     <span class='ocr_line' id='line_1_9' title="bbox 155 1120 1093 1200; baseline 0 -18"><span class='ocrx_word' id='word_1_53' title='bbox 155 1120 356 1182; x_wconf 78' lang='lat' dir='ltr'>facultatibus</span> <span class='ocrx_word' id='word_1_54' title='bbox 369 1120 534 1182; x_wconf 88' lang='lat' dir='ltr'>ordinariis</span> <span class='ocrx_word' id='word_1_55' title='bbox 547 1139 617 1200; x_wconf 83' lang='lat' dir='ltr'>quae</span> <span class='ocrx_word' id='word_1_56' title='bbox 631 1120 757 1200; x_wconf 82' lang='lat' dir='ltr'>speciali</span> <span class='ocrx_word' id='word_1_57' title='bbox 770 1120 920 1182; x_wconf 87' lang='lat' dir='ltr'>mandato</span> <span class='ocrx_word' id='word_1_58' title='bbox 935 1121 996 1182; x_wconf 89' lang='lat' dir='ltr'>illis</span> <span class='ocrx_word' id='word_1_59' title='bbox 1009 1141 1093 1184; x_wconf 89' lang='lat' dir='ltr'>oom-</span> 
     </span>
     <span class='ocr_line' id='line_1_10' title="bbox 155 1213 1092 1293; baseline 0.003 -19"><span class='ocrx_word' id='word_1_60' title='bbox 155 1215 260 1275; x_wconf 82' lang='lat' dir='ltr'>missae</span> <span class='ocrx_word' id='word_1_61' title='bbox 285 1213 426 1274; x_wconf 89' lang='lat' dir='ltr'>fuissent.</span> <span class='ocrx_word' id='word_1_62' title='bbox 461 1215 659 1292; x_wconf 74' lang='lat' dir='ltr'>Quapropter</span> <span class='ocrx_word' id='word_1_63' title='bbox 686 1233 744 1292; x_wconf 90' lang='lat' dir='ltr'>per</span> <span class='ocrx_word' id='word_1_64' title='bbox 774 1213 887 1274; x_wconf 90' lang='lat' dir='ltr'>horum</span> <span class='ocrx_word' id='word_1_65' title='bbox 916 1215 1092 1293; x_wconf 84' lang='lat' dir='ltr'>legatorum</span> 
     </span>
     <span class='ocr_line' id='line_1_11' title="bbox 156 1305 1152 1385; baseline 0 -17"><span class='ocrx_word' id='word_1_66' title='bbox 156 1310 302 1368; x_wconf 88' lang='lat' dir='ltr'>natorum</span> <span class='ocrx_word' id='word_1_67' title='bbox 314 1305 540 1367; x_wconf 87' lang='lat' dir='ltr'>inst&#39;tutionem</span> <span class='ocrx_word' id='word_1_68' title='bbox 555 1324 618 1367; x_wconf 91' lang='lat' dir='ltr'>non</span> <span class='ocrx_word' id='word_1_69' title='bbox 630 1305 731 1385; x_wconf 77' lang='lat' dir='ltr'>magis</span> <span class='ocrx_word' id='word_1_70' title='bbox 744 1305 969 1384; x_wconf 78' lang='lat' dir='ltr'><strong>providebatur</strong></span> <span class='ocrx_word' id='word_1_71' title='bbox 980 1307 1026 1368; x_wconf 89' lang='lat' dir='ltr'>rei</span> <span class='ocrx_word' id='word_1_72' title='bbox 1041 1326 1092 1368; x_wconf 91' lang='lat' dir='ltr'>eo·</span> <span class='ocrx_word' id='word_1_73' title='bbox 1148 1317 1152 1326; x_wconf 88' lang='lat'>&#39;</span> 
     </span>
     <span class='ocr_line' id='line_1_12' title="bbox 154 1397 1091 1478; baseline -0.001 -17"><span class='ocrx_word' id='word_1_74' title='bbox 154 1399 335 1461; x_wconf 82' lang='lat' dir='ltr'>elesiastioae</span> <span class='ocrx_word' id='word_1_75' title='bbox 351 1416 446 1478; x_wconf 88' lang='lat' dir='ltr'>quam</span> <span class='ocrx_word' id='word_1_76' title='bbox 457 1418 515 1477; x_wconf 90' lang='lat' dir='ltr'>per</span> <span class='ocrx_word' id='word_1_77' title='bbox 528 1397 720 1460; x_wconf 80' lang='lat' dir='ltr'>ordinariam</span> <span class='ocrx_word' id='word_1_78' title='bbox 735 1398 962 1460; x_wconf 88' lang='lat' dir='ltr'>institutionem</span> <span class='ocrx_word' id='word_1_79' title='bbox 976 1403 1091 1461; x_wconf 89' lang='lat' dir='ltr'>metro-</span> 
     </span>
     <span class='ocr_line' id='line_1_13' title="bbox 153 1491 751 1578; baseline -0.003 -24"><span class='ocrx_word' id='word_1_80' title='bbox 153 1493 324 1571; x_wconf 85' lang='lat' dir='ltr'>politarum</span> <span class='ocrx_word' id='word_1_81' title='bbox 335 1491 385 1552; x_wconf 89' lang='lat' dir='ltr'>vel</span> <span class='ocrx_word' id='word_1_82' title='bbox 398 1491 577 1569; x_wconf 85' lang='lat' dir='ltr'>primatum.</span> <span class='ocrx_word' id='word_1_83' title='bbox 748 1570 751 1578; x_wconf 23' lang='grc' dir='ltr'>ι</span> 
     </span>
    </p>

    <p class='ocr_par' dir='ltr' id='par_1_4' title="bbox 152 1584 1092 2390">
     <span class='ocr_line' id='line_1_14' title="bbox 196 1584 1091 1664; baseline 0.001 -19"><span class='ocrx_word' id='word_1_84' title='bbox 196 1587 277 1646; x_wconf 87' lang='grc' dir='ltr'><strong>ΧΙΧ.</strong></span> <span class='ocrx_word' id='word_1_85' title='bbox 290 1584 409 1646; x_wconf 86' lang='lat' dir='ltr'>Sedvel</span> <span class='ocrx_word' id='word_1_86' title='bbox 420 1602 458 1644; x_wconf 86' lang='lat' dir='ltr'>ex</span> <span class='ocrx_word' id='word_1_87' title='bbox 472 1601 509 1644; x_wconf 92' lang='lat' dir='ltr'>eo</span> <span class='ocrx_word' id='word_1_88' title='bbox 523 1584 684 1663; x_wconf 83' lang='lat' dir='ltr'>quodhaeo</span> <span class='ocrx_word' id='word_1_89' title='bbox 694 1586 833 1662; x_wconf 83' lang='lat' dir='ltr'>poteslas</span> <span class='ocrx_word' id='word_1_90' title='bbox 844 1584 936 1645; x_wconf 87' lang='lat' dir='ltr'>nimis</span> <span class='ocrx_word' id='word_1_91' title='bbox 950 1586 1091 1664; x_wconf 80' lang='lat' dir='ltr'>angustis</span> 
     </span>
     <span class='ocr_line' id='line_1_15' title="bbox 154 1675 1092 1757; baseline -0.003 -16"><span class='ocrx_word' id='word_1_92' title='bbox 154 1678 368 1741; x_wconf 76' lang='lat' dir='ltr'>contineretur</span> <span class='ocrx_word' id='word_1_93' title='bbox 383 1675 545 1754; x_wconf 87' lang='lat' dir='ltr'>limitibus,</span> <span class='ocrx_word' id='word_1_94' title='bbox 562 1677 613 1737; x_wconf 88' lang='lat' dir='ltr'>vel</span> <span class='ocrx_word' id='word_1_95' title='bbox 636 1696 673 1737; x_wconf 86' lang='lat' dir='ltr'>ex</span> <span class='ocrx_word' id='word_1_96' title='bbox 686 1695 723 1738; x_wconf 94' lang='lat' dir='ltr'>eo</span> <span class='ocrx_word' id='word_1_97' title='bbox 745 1677 830 1757; x_wconf 85' lang='lat' dir='ltr'>quod</span> <span class='ocrx_word' id='word_1_98' title='bbox 853 1676 1035 1757; x_wconf 85' lang='lat' dir='ltr'>hujusmodi</span> <span class='ocrx_word' id='word_1_99' title='bbox 1049 1678 1092 1738; x_wconf 91' lang='lat' dir='ltr'>le-</span> 
     </span>
     <span class='ocr_line' id='line_1_16' title="bbox 153 1769 1090 1852; baseline 0 -20"><span class='ocrx_word' id='word_1_100' title='bbox 153 1772 218 1852; x_wconf 83' lang='lat' dir='ltr'>gati</span> <span class='ocrx_word' id='word_1_101' title='bbox 238 1789 301 1831; x_wconf 91' lang='lat' dir='ltr'>non</span> <span class='ocrx_word' id='word_1_102' title='bbox 312 1771 393 1832; x_wconf 88' lang='lat' dir='ltr'>hene</span> <span class='ocrx_word' id='word_1_103' title='bbox 407 1789 465 1831; x_wconf 89' lang='lat' dir='ltr'>sua</span> <span class='ocrx_word' id='word_1_104' title='bbox 478 1770 526 1830; x_wconf 91' lang='lat' dir='ltr'>usi</span> <span class='ocrx_word' id='word_1_105' title='bbox 538 1773 612 1832; x_wconf 85' lang='lat' dir='ltr'>sunt</span> <span class='ocrx_word' id='word_1_106' title='bbox 629 1769 827 1846; x_wconf 79' lang='lat' dir='ltr'>auctoritate,</span> <span class='ocrx_word' id='word_1_107' title='bbox 850 1770 930 1831; x_wconf 84' lang='lat' dir='ltr'>odeo</span> <span class='ocrx_word' id='word_1_108' title='bbox 946 1775 982 1832; x_wconf 89' lang='lat' dir='ltr'>ut</span> <span class='ocrx_word' id='word_1_109' title='bbox 1001 1789 1090 1832; x_wconf 84' lang='lat' dir='ltr'>oooa-</span> 
     </span>
     <span class='ocr_line' id='line_1_17' title="bbox 154 1862 1088 1943; baseline -0.003 -18"><span class='ocrx_word' id='word_1_110' title='bbox 154 1865 275 1926; x_wconf 86' lang='lat' dir='ltr'>eionem</span> <span class='ocrx_word' id='word_1_111' title='bbox 301 1863 444 1924; x_wconf 83' lang='lat' dir='ltr'>dederint</span> <span class='ocrx_word' id='word_1_112' title='bbox 469 1862 605 1943; x_wconf 87' lang='lat' dir='ltr'>querelis</span> <span class='ocrx_word' id='word_1_113' title='bbox 641 1863 827 1923; x_wconf 90' lang='lat' dir='ltr'>inferiorum</span> <span class='ocrx_word' id='word_1_114' title='bbox 857 1863 1088 1941; x_wconf 82' lang='lat' dir='ltr'>episcoporum,</span> 
     </span>
     <span class='ocr_line' id='line_1_18' title="bbox 155 1955 1090 2034; baseline -0.004 -16"><span class='ocrx_word' id='word_1_115' title='bbox 155 1957 333 2018; x_wconf 87' lang='lat' dir='ltr'>debuerunt</span> <span class='ocrx_word' id='word_1_116' title='bbox 354 1955 427 2017; x_wconf 91' lang='lat' dir='ltr'>huio</span> <span class='ocrx_word' id='word_1_117' title='bbox 452 1955 587 2016; x_wconf 83' lang='lat' dir='ltr'>defectui</span> <span class='ocrx_word' id='word_1_118' title='bbox 607 1973 664 2034; x_wconf 90' lang='lat' dir='ltr'>per</span> <span class='ocrx_word' id='word_1_119' title='bbox 678 1955 740 2016; x_wconf 87' lang='lat' dir='ltr'>alia</span> <span class='ocrx_word' id='word_1_120' title='bbox 758 1972 941 2015; x_wconf 87' lang='lat' dir='ltr'>suoourrere</span> <span class='ocrx_word' id='word_1_121' title='bbox 957 1955 1090 2016; x_wconf 88' lang='lat' dir='ltr'>Romani</span> 
     </span>
     <span class='ocr_line' id='line_1_19' title="bbox 152 2047 1090 2128; baseline -0.007 -16"><span class='ocrx_word' id='word_1_122' title='bbox 152 2049 346 2124; x_wconf 76' lang='lat' dir='ltr'>PontilioeS,</span> <span class='ocrx_word' id='word_1_123' title='bbox 373 2048 458 2128; x_wconf 88' lang='lat' dir='ltr'>qnod</span> <span class='ocrx_word' id='word_1_124' title='bbox 484 2049 626 2108; x_wconf 81' lang='lat' dir='ltr'>fecerunt</span> <span class='ocrx_word' id='word_1_125' title='bbox 652 2047 804 2108; x_wconf 88' lang='lat' dir='ltr'>mittendo</span> <span class='ocrx_word' id='word_1_126' title='bbox 832 2051 920 2107; x_wconf 85' lang='lat' dir='ltr'>extra</span> <span class='ocrx_word' id='word_1_127' title='bbox 947 2047 1090 2108; x_wconf 89' lang='lat' dir='ltr'>ordinem</span> 
     </span>
     <span class='ocr_line' id='line_1_20' title="bbox 153 2137 1091 2220; baseline -0.006 -16"><span class='ocrx_word' id='word_1_128' title='bbox 153 2141 320 2204; x_wconf 90' lang='lat' dir='ltr'>nonnullos</span> <span class='ocrx_word' id='word_1_129' title='bbox 342 2140 427 2202; x_wconf 89' lang='lat' dir='ltr'>viros</span> <span class='ocrx_word' id='word_1_130' title='bbox 451 2142 504 2220; x_wconf 89' lang='lat' dir='ltr'>qui</span> <span class='ocrx_word' id='word_1_131' title='bbox 530 2139 659 2219; x_wconf 81' lang='lat' dir='ltr'>speciali</span> <span class='ocrx_word' id='word_1_132' title='bbox 681 2139 830 2200; x_wconf 91' lang='lat' dir='ltr'>mandato</span> <span class='ocrx_word' id='word_1_133' title='bbox 856 2137 1091 2217; x_wconf 88' lang='lat' dir='ltr'>majoribusque</span> 
     </span>
     <span class='ocr_line' id='line_1_21' title="bbox 153 2231 1091 2313; baseline -0.007 -16"><span class='ocrx_word' id='word_1_134' title='bbox 153 2254 227 2297; x_wconf 91' lang='lat' dir='ltr'>oum</span> <span class='ocrx_word' id='word_1_135' title='bbox 241 2234 442 2296; x_wconf 83' lang='lat' dir='ltr'>facultatibus</span> <span class='ocrx_word' id='word_1_136' title='bbox 463 2233 656 2313; x_wconf 85' lang='lat' dir='ltr'>pontilioiam</span> <span class='ocrx_word' id='word_1_137' title='bbox 679 2233 943 2310; x_wconf 83' lang='lat' dir='ltr'>repraesentarent</span> <span class='ocrx_word' id='word_1_138' title='bbox 957 2231 1091 2292; x_wconf 86' lang='lat' dir='ltr'>auotori-</span> 
     </span>
     <span class='ocr_line' id='line_1_22' title="bbox 156 2332 262 2390; baseline -0.019 -1"><span class='ocrx_word' id='word_1_139' title='bbox 156 2332 262 2390; x_wconf 89' lang='lat' dir='ltr'>tatem.</span> 
     </span>
    </p>

    <p class='ocr_par' dir='ltr' id='par_1_5' title="bbox 153 2418 1091 3240">
     <span class='ocr_line' id='line_1_23' title="bbox 194 2418 1087 2500; baseline -0.003 -18"><span class='ocrx_word' id='word_1_140' title='bbox 194 2424 249 2482; x_wconf 85' lang='lat' dir='ltr'>llae</span> <span class='ocrx_word' id='word_1_141' title='bbox 268 2438 358 2482; x_wconf 85' lang='lat' dir='ltr'>novae</span> <span class='ocrx_word' id='word_1_142' title='bbox 376 2419 548 2500; x_wconf 82' lang='lat' dir='ltr'>legationes</span> <span class='ocrx_word' id='word_1_143' title='bbox 565 2419 653 2481; x_wconf 91' lang='lat' dir='ltr'>initio</span> <span class='ocrx_word' id='word_1_144' title='bbox 674 2420 801 2480; x_wconf 88' lang='lat' dir='ltr'>luerunt</span> <span class='ocrx_word' id='word_1_145' title='bbox 820 2418 1087 2481; x_wconf 74' lang='lat' dir='ltr'>extraordinariae.</span> 
     </span>
     <span class='ocr_line' id='line_1_24' title="bbox 154 2511 1091 2592; baseline -0.005 -16"><span class='ocrx_word' id='word_1_146' title='bbox 154 2517 234 2576; x_wconf 84' lang='lat' dir='ltr'>Cum</span> <span class='ocrx_word' id='word_1_147' title='bbox 245 2531 320 2574; x_wconf 89' lang='lat' dir='ltr'>vero</span> <span class='ocrx_word' id='word_1_148' title='bbox 336 2531 483 2575; x_wconf 85' lang='lat' dir='ltr'>suocessu</span> <span class='ocrx_word' id='word_1_149' title='bbox 497 2515 675 2592; x_wconf 87' lang='lat' dir='ltr'>temporum</span> <span class='ocrx_word' id='word_1_150' title='bbox 689 2512 771 2574; x_wconf 87' lang='lat' dir='ltr'>ielioi</span> <span class='ocrx_word' id='word_1_151' title='bbox 791 2512 875 2574; x_wconf 79' lang='lat' dir='ltr'>exitu</span> <span class='ocrx_word' id='word_1_152' title='bbox 888 2511 1091 2574; x_wconf 81' lang='lat' dir='ltr'>sommenda-</span> 
     </span>
     <span class='ocr_line' id='line_1_25' title="bbox 154 2604 1091 2684; baseline -0.006 -16"><span class='ocrx_word' id='word_1_153' title='bbox 154 2610 274 2683; x_wconf 86' lang='lat' dir='ltr'>rentur,</span> <span class='ocrx_word' id='word_1_154' title='bbox 295 2605 509 2684; x_wconf 86' lang='lat' dir='ltr'>multiplioatae</span> <span class='ocrx_word' id='word_1_155' title='bbox 525 2609 608 2682; x_wconf 87' lang='lat' dir='ltr'>sunt,</span> <span class='ocrx_word' id='word_1_156' title='bbox 626 2606 726 2666; x_wconf 85' lang='lat' dir='ltr'>donee</span> <span class='ocrx_word' id='word_1_157' title='bbox 744 2605 777 2664; x_wconf 94' lang='lat' dir='ltr'>in</span> <span class='ocrx_word' id='word_1_158' title='bbox 796 2604 972 2664; x_wconf 87' lang='lat' dir='ltr'>ordinarias</span> <span class='ocrx_word' id='word_1_159' title='bbox 989 2606 1091 2662; x_wconf 83' lang='lat' dir='ltr'>trans-</span> 
     </span>
     <span class='ocr_line' id='line_1_26' title="bbox 154 2694 1090 2774; baseline -0.004 -14"><span class='ocrx_word' id='word_1_160' title='bbox 154 2701 268 2760; x_wconf 88' lang='lat' dir='ltr'>ierunt.</span> <span class='ocrx_word' id='word_1_161' title='bbox 285 2698 342 2770; x_wconf 83' lang='lat' dir='ltr'>Qui</span> <span class='ocrx_word' id='word_1_162' title='bbox 358 2698 418 2760; x_wconf 88' lang='lat' dir='ltr'>hoe</span> <span class='ocrx_word' id='word_1_163' title='bbox 439 2717 554 2758; x_wconf 86' lang='lat' dir='ltr'>munus</span> <span class='ocrx_word' id='word_1_164' title='bbox 575 2697 754 2759; x_wconf 84' lang='lat' dir='ltr'>hahuerunt</span> <span class='ocrx_word' id='word_1_165' title='bbox 775 2695 941 2756; x_wconf 88' lang='lat' dir='ltr'>ordinariae</span> <span class='ocrx_word' id='word_1_166' title='bbox 962 2694 1090 2774; x_wconf 79' lang='lat' dir='ltr'>legatio-</span> 
     </span>
     <span class='ocr_line' id='line_1_27' title="bbox 153 2788 1090 2869; baseline -0.002 -17"><span class='ocrx_word' id='word_1_167' title='bbox 153 2791 213 2867; x_wconf 87' lang='lat' dir='ltr'>nis,</span> <span class='ocrx_word' id='word_1_168' title='bbox 231 2790 264 2850; x_wconf 94' lang='lat' dir='ltr'>hi</span> <span class='ocrx_word' id='word_1_169' title='bbox 287 2794 361 2851; x_wconf 84' lang='lat' dir='ltr'>sunl</span> <span class='ocrx_word' id='word_1_170' title='bbox 383 2790 475 2869; x_wconf 73' lang='lat' dir='ltr'>lepotz&#39;</span> <span class='ocrx_word' id='word_1_171' title='bbox 493 2790 584 2867; x_wconf 79' lang='lat' dir='ltr'>missi,</span> <span class='ocrx_word' id='word_1_172' title='bbox 602 2807 737 2869; x_wconf 90' lang='lat' dir='ltr'>quorum</span> <span class='ocrx_word' id='word_1_173' title='bbox 761 2788 849 2868; x_wconf 81' lang='lat' dir='ltr'>origo</span> <span class='ocrx_word' id='word_1_174' title='bbox 869 2788 974 2868; x_wconf 87' lang='lat' dir='ltr'>aliquo</span> <span class='ocrx_word' id='word_1_175' title='bbox 996 2806 1090 2850; x_wconf 87' lang='lat' dir='ltr'>sensu</span> 
     </span>
     <span class='ocr_line' id='line_1_28' title="bbox 154 2882 1090 2962; baseline -0.001 -19"><span class='ocrx_word' id='word_1_176' title='bbox 154 2883 327 2962; x_wconf 89' lang='lat' dir='ltr'>repetenda</span> <span class='ocrx_word' id='word_1_177' title='bbox 342 2886 390 2944; x_wconf 88' lang='lat' dir='ltr'>est</span> <span class='ocrx_word' id='word_1_178' title='bbox 409 2882 559 2962; x_wconf 87' lang='lat' dir='ltr'>jamtum</span> <span class='ocrx_word' id='word_1_179' title='bbox 575 2902 595 2944; x_wconf 88' lang='lat' dir='ltr'>a</span> <span class='ocrx_word' id='word_1_180' title='bbox 614 2901 686 2944; x_wconf 85' lang='lat' dir='ltr'>saeo.</span> <span class='ocrx_word' id='word_1_181' title='bbox 712 2884 752 2944; x_wconf 83' lang='lat' dir='ltr'>V⁰</span> <span class='ocrx_word' id='word_1_182' title='bbox 774 2882 832 2942; x_wconf 87' lang='lat' dir='ltr'>sub</span> <span class='ocrx_word' id='word_1_183' title='bbox 853 2885 962 2943; x_wconf 85' lang='lat' dir='ltr'>saneto</span> <span class='ocrx_word' id='word_1_184' title='bbox 986 2884 1090 2944; x_wconf 90' lang='lat' dir='ltr'>Leone</span> 
     </span>
     <span class='ocr_line' id='line_1_29' title="bbox 154 2974 1091 3055; baseline 0 -19"><span class='ocrx_word' id='word_1_185' title='bbox 154 2994 282 3055; x_wconf 78' lang='lat' dir='ltr'>magno,</span> <span class='ocrx_word' id='word_1_186' title='bbox 305 2975 343 3036; x_wconf 91' lang='lat' dir='ltr'>Hi</span> <span class='ocrx_word' id='word_1_187' title='bbox 370 2979 486 3052; x_wconf 88' lang='lat' dir='ltr'>tamen,</span> <span class='ocrx_word' id='word_1_188' title='bbox 510 2976 539 3036; x_wconf 86' lang='lat' dir='ltr'>vi</span> <span class='ocrx_word' id='word_1_189' title='bbox 563 2975 721 3055; x_wconf 79' lang='lat' dir='ltr'>primaerae</span> <span class='ocrx_word' id='word_1_190' title='bbox 742 2974 955 3052; x_wconf 88' lang='lat' dir='ltr'>institutionis,</span> <span class='ocrx_word' id='word_1_191' title='bbox 972 2976 1091 3036; x_wconf 88' lang='lat' dir='ltr'>nullam</span> 
     </span>
     <span class='ocr_line' id='line_1_30' title="bbox 155 3067 1091 3149; baseline -0.001 -21"><span class='ocrx_word' id='word_1_192' title='bbox 155 3069 335 3132; x_wconf 83' lang='lat' dir='ltr'>habuerunt</span> <span class='ocrx_word' id='word_1_193' title='bbox 352 3068 602 3149; x_wconf 74' lang='lat' dir='ltr'>jurisdictionem</span> <span class='ocrx_word' id='word_1_194' title='bbox 624 3067 878 3130; x_wconf 80' lang='lat' dir='ltr'>eeclesiasticam.</span> <span class='ocrx_word' id='word_1_195' title='bbox 894 3069 993 3128; x_wconf 81' lang='lat' dir='ltr'>Erant</span> <span class='ocrx_word' id='word_1_196' title='bbox 1015 3067 1091 3128; x_wconf 90' lang='lat' dir='ltr'>sim-</span> 
     </span>
     <span class='ocr_line' id='line_1_31' title="bbox 155 3160 1091 3240; baseline -0.004 -18"><span class='ocrx_word' id='word_1_197' title='bbox 155 3161 252 3240; x_wconf 86' lang='lat' dir='ltr'>plioes</span> <span class='ocrx_word' id='word_1_198' title='bbox 277 3161 377 3222; x_wconf 89' lang='lat' dir='ltr'>nuntii</span> <span class='ocrx_word' id='word_1_199' title='bbox 402 3161 571 3223; x_wconf 85' lang='lat' dir='ltr'>voluntatis</span> <span class='ocrx_word' id='word_1_200' title='bbox 592 3164 807 3223; x_wconf 88' lang='lat' dir='ltr'>Romanorum</span> <span class='ocrx_word' id='word_1_201' title='bbox 828 3160 1025 3234; x_wconf 78' lang='lat' dir='ltr'>Pontificum,</span> <span class='ocrx_word' id='word_1_202' title='bbox 1050 3161 1091 3219; x_wconf 86' lang='lat' dir='ltr'>ad</span> 
     </span>
    </p>
   </div>
   <div class='ocr_carea' id='block_1_3' title="bbox 156 3255 1091 3334">
    <p class='ocr_par' dir='ltr' id='par_1_6' title="bbox 156 3255 1091 3334">
     <span class='ocr_line' id='line_1_32' title="bbox 156 3255 1091 3334; baseline -0.005 -20"><span class='ocrx_word' id='word_1_203' title='bbox 156 3255 373 3334; x_wconf 83' lang='lat' dir='ltr'>imperatores,</span> <span class='ocrx_word' id='word_1_204' title='bbox 391 3255 444 3334; x_wconf 89' lang='lat' dir='ltr'>qui</span> <span class='ocrx_word' id='word_1_205' title='bbox 459 3273 572 3334; x_wconf 90' lang='lat' dir='ltr'>nempe</span> <span class='ocrx_word' id='word_1_206' title='bbox 583 3255 624 3316; x_wconf 87' lang='lat' dir='ltr'>ad</span> <span class='ocrx_word' id='word_1_207' title='bbox 634 3255 839 3334; x_wconf 90' lang='lat' dir='ltr'>imperatores</span> <span class='ocrx_word' id='word_1_208' title='bbox 854 3268 1091 3331; x_wconf 85' lang='lat' dir='ltr'>responsapon-</span> 
     </span>
    </p>
   </div>
   <div class='ocr_carea' id='block_1_4' title="bbox 155 3343 1092 3615">
    <p class='ocr_par' dir='ltr' id='par_1_7' title="bbox 155 3343 1092 3615">
     <span class='ocr_line' id='line_1_33' title="bbox 155 3343 1092 3428; baseline -0.002 -20"><span class='ocrx_word' id='word_1_209' title='bbox 155 3347 286 3425; x_wconf 86' lang='lat' dir='ltr'>tifioum,</span> <span class='ocrx_word' id='word_1_210' title='bbox 318 3348 517 3428; x_wconf 88' lang='lat' dir='ltr'>pontilloihus</span> <span class='ocrx_word' id='word_1_211' title='bbox 542 3366 694 3428; x_wconf 88' lang='lat' dir='ltr'>responsa</span> <span class='ocrx_word' id='word_1_212' title='bbox 722 3349 949 3425; x_wconf 90' lang='lat' dir='ltr'>imperatorum</span> <span class='ocrx_word' id='word_1_213' title='bbox 975 3343 1092 3406; x_wconf 88' lang='lat' dir='ltr'>relere-</span> 
     </span>
     <span class='ocr_line' id='line_1_34' title="bbox 156 3437 1027 3524; baseline -0.007 -22"><span class='ocrx_word' id='word_1_214' title='bbox 156 3442 234 3503; x_wconf 89' lang='lat' dir='ltr'>bant</span> <span class='ocrx_word' id='word_1_215' title='bbox 250 3462 257 3503; x_wconf 93' lang='lat'><strong>:</strong></span> <span class='ocrx_word' id='word_1_216' title='bbox 274 3442 347 3504; x_wconf 90' lang='lat' dir='ltr'>inde</span> <span class='ocrx_word' id='word_1_217' title='bbox 362 3460 476 3504; x_wconf 90' lang='lat' dir='ltr'>nomen</span> <span class='ocrx_word' id='word_1_218' title='bbox 490 3442 686 3524; x_wconf 78' lang='lat' dir='ltr'>apocrisiarii,</span> <span class='ocrx_word' id='word_1_219' title='bbox 702 3442 805 3517; x_wconf 87' lang='lat' dir='ltr'>idest,</span> <span class='ocrx_word' id='word_1_220' title='bbox 821 3437 1027 3517; x_wconf 82' lang='lat' dir='ltr'>responsales.</span> 
     </span>
     <span class='ocr_line' id='line_1_35' title="bbox 199 3529 1089 3615; baseline -0.004 -19"><span class='ocrx_word' id='word_1_221' title='bbox 199 3535 362 3614; x_wconf 78' lang='lat' dir='ltr'>Degebant</span> <span class='ocrx_word' id='word_1_222' title='bbox 376 3535 426 3598; x_wconf 89' lang='lat' dir='ltr'>isti</span> <span class='ocrx_word' id='word_1_223' title='bbox 440 3537 525 3615; x_wconf 84' lang='lat' dir='ltr'>apud</span> <span class='ocrx_word' id='word_1_224' title='bbox 540 3536 628 3598; x_wconf 85' lang='lat' dir='ltr'>aulas</span> <span class='ocrx_word' id='word_1_225' title='bbox 647 3536 884 3612; x_wconf 80' lang='lat' dir='ltr'>imperatorum,</span> <span class='ocrx_word' id='word_1_226' title='bbox 896 3549 959 3592; x_wconf 90' lang='lat' dir='ltr'>non</span> <span class='ocrx_word' id='word_1_227' title='bbox 974 3529 1037 3592; x_wconf 86' lang='lat' dir='ltr'>alia</span> <span class='ocrx_word' id='word_1_228' title='bbox 1050 3532 1089 3592; x_wconf 92' lang='lat' dir='ltr'>de</span> 
     </span>
    </p>
   </div>
   <div class='ocr_carea' id='block_1_5' title="bbox 0 0 1276 4122">
    <p class='ocr_par' dir='ltr' id='par_1_8' title="bbox 0 0 1276 4122">
     <span class='ocr_line' id='line_1_36' title="bbox 0 0 1276 4122; baseline 0 0"><span class='ocrx_word' id='word_1_229' title='bbox 0 0 1276 4122; x_wconf 95' lang='lat' dir='ltr'> </span> 
     </span>
    </p>
   </div>
  </div>
 </body>
</html>
