2518 4144
180 355 220 418 10
362 419 366 426 ,
389 363 619 427 msrrruumuus
640 363 722 408 66616
745 361 898 408 canorum.

181 510 299 572 habere
313 526 370 585 pro
385 508 454 585 1636
468 506 609 570 tollenda
624 506 736 568 eadem
751 505 901 586 requisita
914 521 985 584 quae
1007 504 1117 567 debuit

182 603 298 664 habere
313 601 382 680 ipsa
394 601 587 662 consuetudo
603 600 745 679 prolege
767 598 947 660 inducenda
963 618 969 659 :
988 601 1065 660 oont
1101 633 1116 644 ·

181 697 300 758 riorum
317 695 400 754 euim
424 694 535 754 eodem
556 694 719 756 66116661.
746 692 950 754 solummodo
973 691 1117 752 animad-

182 789 367 851 vertendum
378 792 425 848 est
446 787 616 866 quodcum
636 786 810 847 desuetudo
824 790 934 846 contra
947 789 1081 846 consuet
1104 819 1119 830 -

183 883 288 944 dinem
297 882 447 958 decertet,
456 899 519 942 non
529 898 619 942 secus
633 899 670 940 66
685 879 879 942 consuetudo
891 882 1002 940 contra
1013 880 1119 958 legem

182 976 311 1039 inducta
334 992 406 1034 cum
424 973 496 1054 jure
518 973 728 1053 praeexistcnti
754 973 838 1052 quod
857 972 997 1034 habebat
1011 991 1070 1050 pro
1085 991 1120 1032 66

182 1069 294 1132 saltem
315 1069 539 1145 praesumptam
559 1065 708 1144 principis
736 1065 931 1126 voluntatem
950 1065 1117 1143 66366611,

184 1159 370 1224 diuturniori
384 1159 505 1238 indiget
525 1163 667 1238 tempore
693 1158 734 1218 ad
756 1175 873 1219 novum
897 1157 1120 1234 1661666666-

184 1255 278 1327 dum;
298 1253 467 1332 requiritur
482 1252 565 1313 enim
589 1255 623 1313 ut
635 1251 780 1313 66166166
794 1251 943 1330 661661616
958 1251 1059 1330 possit
1070 1269 1120 1312 so-

184 1346 289 1410 cietati
303 1346 508 1408 innotescere.

224 1442 271 1502 lta
288 1440 339 1502 vel
353 1440 551 1501 revocatione
572 1439 622 1500 vel
638 1437 844 1500 desuetudine
870 1440 972 1500 cessat
984 1438 1037 1498 lex
1060 1457 1119 1516 666

185 1532 409 1610 communitate
435 1533 568 1612 1616366.
588 1532 650 1593 Sed
675 1549 797 1594 6666666
820 1531 915 1592 etiam
930 1533 1035 1610 potest
1061 1550 1120 1609 666

185 1627 341 1688 nonnullis
356 1627 395 1687 de
411 1625 645 1702 communitate,
662 1643 775 1703 nempe
793 1643 849 1702 per
864 1623 1120 1704 depracationem,

186 1736 256 1798 quaa
273 1718 359 1778 eliud
369 1737 432 1779 non
445 1723 491 1780 est
506 1718 564 1778 uisi
578 1718 711 1797 provida
726 1717 872 1797 quaedam
885 1717 966 1798 juris
981 1737 1123 1778 commu-

185 1811 234 1874 uis
248 1810 399 1872 relaxatio
413 1811 445 1870 in
463 1811 604 1872 favorem
617 1811 841 1876 nonnullorum
856 1829 876 1870 6
899 1811 1054 1889 principe,
1071 1811 1124 1872 661

186 1922 244 1984 666
262 1922 295 1964 66
315 1903 435 1982 661666
456 1903 638 1981 6116616616,
655 1905 747 1964 firma
765 1906 871 1966 tamen
890 1907 1038 1966 manente
1051 1904 1122 1983 1636

188 1996 292 2077 quoad
305 1997 406 2075 ipsam
420 1997 695 2059 communitatem:
711 1997 851 2059 nonnulli
867 1999 968 2078 alege
979 1998 1122 2060 eximun-

186 2093 249 2169 tur,
267 2093 298 2153 et
312 2090 380 2153 haec
392 2090 542 2153 relaxatio
553 2092 588 2152 fit
599 2091 639 2152 ob
649 2091 800 2170 speciales
811 2085 938 2152 666666,

553 2294 683 2356 CAPUT
705 2295 755 2356 vt.

190 2481 228 2527 DE
250 2478 349 2526 LEGUM
372 2479 871 2541 66666616661666666611661066,
896 2480 964 2527 SIVE
987 2482 1026 2526 DE
1048 2481 1123 2527 toan

466 2573 696 2620 uacuuslusrloo
717 2574 845 2620 POENALI·

230 2736 253 2796 1.
269 2735 417 2806 Quamvis
429 2735 479 2794 lex
494 2753 532 2795 ex
545 2737 659 2796 natura
668 2751 725 2796 666
738 2734 896 2796 condicat
910 2734 1125 2794 necessarium

190 2829 369 2905 respectum
388 2827 429 2888 ad
447 2827 577 2905 praemia
592 2827 642 2888 661
654 2845 764 2905 poenas
785 2827 897 2908 quihus
916 2825 1053 2888 cultores
1075 2827 1127 2888 661

190 2919 357 2984 violatores
367 2918 591 2997 retribuantur,
604 2922 710 2981 tamen
720 2919 862 2998 inspecta
876 2918 1042 2980 hominum
1051 2938 1125 2980 con—

192 3012 328 3089 ditione,
352 3012 404 3092 qui
433 3031 488 3091 666
511 3012 630 3092 praemii
656 3012 705 3073 661
728 3015 813 3073 metu
828 3029 931 3091 poenae
955 3016 1126 3074 moventur

191 3105 292 3184 magis
306 3124 401 3185 quam
411 3105 533 3168 virtutis
548 3123 667 3182 amore,
681 3105 753 3165 inde
764 3106 799 3168 fit
814 3105 898 3185 quod
915 3105 974 3166 sub
985 3105 1046 3166 hoc
1059 3124 1127 3165 res·

192 3201 286 3280 66616
308 3199 359 3259 lex
379 3199 555 3262 necessario
579 3198 748 3278 quemdam
772 3217 888 3260 nexum
909 3198 1027 3259 habeat
1053 3217 1127 3258 cum

193 3292 353 3356 sanctione
374 3292 661 3373 163166666116,66
683 3291 830 3354 videlicet
851 3291 876 3352 61
900 3292 950 3352 lex
962 3292 1127 3354 sanctione

194 3390 300 3450 666661
322 3387 432 3450 saltem
460 3385 596 3466 poenali,
627 3385 744 3448 inutilis
771 3389 802 3448 et
825 3385 969 3446 inefficax
997 3385 1127 3448 omniuo

194 3480 355 3543 reddatur.

236 3573 324 3636 Hanc
336 3571 553 3636 necessitatem
564 3570 732 3632 6666116616
744 3574 911 3651 utrumque
931 3572 996 3634 6166
1021 3591 1129 3634 roma-
