2540 4132
311 305 418 354 morea
445 306 597 354 srrcrrrrs
617 306 701 354 rurrs
723 305 877 354 carorrcr.
1001 291 1057 356 lat

126 453 249 516 nullam
268 450 472 514 obtinuerunt
490 449 710 512 auctoritatem
729 450 760 510 in
779 469 860 512 usu:
877 449 999 528 solum,
1021 469 1060 512 ne

127 545 288 626 deperiret
302 544 362 605 hoc
387 561 466 622 opus
487 543 582 604 tantis
605 543 767 604 laboribus
795 543 989 620 confectum,
1016 547 1062 606 tot

128 637 377 702 correctionibus
392 635 611 713 emendatum,
635 639 800 714 coeperunt
816 636 893 697 illud
917 636 1010 698 edere
1030 635 1062 696 in

126 731 291 796 volumine
304 729 443 792 secundo
459 728 606 807 Corporis
616 729 698 810 juris
713 729 865 792 canonici.

412 880 463 932 ςΙΙ.
479 889 605 931 aurarem,
619 871 722 930 omui
738 891 789 923 ιτα.

171 1009 224 1070 VI.
248 1007 322 1066 Haec
347 1003 421 1065 satis
434 1007 537 1066 essent
558 1005 597 1064 de
612 1004 837 1084 compositione
852 1007 883 1066 et
897 1004 1065 1084 partitione

130 1098 279 1178 Corporis
286 1097 366 1178 juris
378 1097 775 1170 canonici3sedoanonistae
785 1098 1065 1162 subtilioresetiam

128 1191 388 1270 investigationes
403 1194 600 1270 proponunt;
617 1210 731 1271 nempe
747 1209 819 1252 oum
837 1192 870 1252 in
885 1191 1065 1273 hujusmodi

130 1305 243 1367 opere,
264 1287 380 1364 praeter
397 1287 602 1346 monumenta
616 1284 803 1364 principalia
818 1331 826 1361 ‚
842 1285 1020 1348 habeantur
1034 1287 1066 1346 et

130 1379 288 1454 rubricae,
306 1381 337 1438 et
359 1375 547 1454 summaria,
572 1381 603 1438 et
623 1378 752 1457 glossae,
775 1381 806 1438 et
825 1377 1015 1456 additiones,
1034 1381 1066 1438 et

105 1487 110 1494 '
131 1477 232 1549 notae,
247 1489 374 1532 necesse
393 1474 441 1531 est
461 1474 496 1530 ut
510 1470 549 1532 de
564 1470 695 1532 istorum
719 1472 903 1534 auctoritate
927 1471 1066 1534 breviter

133 1568 337 1628 disseramus

174 1657 313 1720 Robrica
338 1659 412 1718 sunt
436 1656 633 1736 singulorum
659 1657 820 1720 titulorum
848 1657 1066 1738 inscriptiones

134 1771 228 1834 quae,
252 1769 323 1811 cum
343 1749 514 1828 antiquitus
528 1749 665 1813 solerent
680 1752 775 1813 rubro
790 1751 894 1814 colore
909 1751 1065 1827 describi,

133 1847 180 1908 sic
194 1847 314 1908 vocatae
329 1847 412 1905 sunt.

176 1939 285 2001 Solent
306 1937 475 1998 canonistas
491 1955 544 1998 eas
560 1936 751 2018 distinguere
771 1937 802 1998 in
826 1938 905 2000 duas
931 1937 1065 2012 classes,

135 2049 272 2114 quarum
287 2029 364 2091 alias
379 2030 600 2109 praeoeptivas,
620 2029 697 2092 alias
711 2049 774 2092 non
788 2031 994 2110 praeceptivae
1012 2047 1069 2090 ro-

135 2129 220 2187 caut.
244 2123 439 2204 Pcceceptc'coe
457 2127 530 2184 sunt
553 2140 597 2184 eas
621 2141 690 2204 quae
712 2123 830 2184 habent
848 2141 975 2184 sensum
997 2139 1070 2199 per-

135 2219 254 2280 fectum
271 2238 321 2280 zv.
334 2237 378 2298 g.,
394 2235 433 2278 ne
451 2217 525 2278 sede
536 2221 668 2278 vacante
683 2216 801 2297 aliquid
813 2216 991 2277 innovetur.
1002 2211 1071 2275 Non

129 2311 402 2392 proeccpn'ocequae
422 2327 485 2371 non
503 2309 665 2372 continent
688 2309 747 2371 nisi
770 2327 891 2370 meram
906 2306 1071 2370 indicatio-

136 2423 211 2466 nem
229 2423 336 2465 rerum
358 2421 427 2483 quae
456 2401 488 2462 in
512 2403 610 2464 titulis
629 2403 940 2482 comprehenduntur
957 2421 1007 2464 :v.
1022 2421 1068 2482 g.,

138 2499 177 2558 de
194 2496 554 2574 constitutionibus‚'eto.
572 2496 694 2558 Primae
705 2497 833 2576 allegari
847 2503 973 2576 possent
987 2495 1071 2575 posi-

137 2591 217 2667 tive,
234 2590 342 2650 dicunt
366 2589 481 2668 aliqui,
502 2595 596 2668 atque
612 2589 731 2652 habere
740 2589 820 2670 juris
836 2589 1069 2665 auctoritatem,

137 2683 294 2763 siquidem
326 2683 466 2744 collectio
484 2683 543 2743 fuit
565 2683 726 2762 pontificia
749 2683 934 2744 auctoritate
957 2699 1072 2761 appro-

137 2777 226 2853 bata,
242 2775 322 2836 utin
338 2776 465 2837 decreto
482 2775 624 2854 Gregorii
638 2778 691 2854 IX,
704 2776 735 2836 in
751 2777 814 2853 VI0,
830 2779 889 2836 etc.
900 2775 985 2838 Alias
995 2793 1070 2836 vero

140 2873 267 2931 tantum
281 2869 410 2948 allegari
424 2872 551 2947 possent
566 2869 771 2947 declarative,
789 2888 901 2948 nempe
912 2869 952 2930 ad
974 2868 1072 2949 majo-

140 2981 209 3022 rem
229 2961 468 3023 illustrationem
484 2962 707 3042 capitumque
727 2962 759 3022 iu
778 2961 911 3024 rubricis
932 2981 1072 3042 eompre-

139 3055 333 3116 henduntur.
444 3069 448 3076 ·
1032 3113 1035 3122 ,

180 3151 300 3211 Verum
310 3146 527 3210 contendimus
539 3152 666 3211 neutras
678 3149 808 3229 allegari
823 3168 914 3229 posse
927 3149 1070 3231 positive,

140 3242 216 3323 quia
230 3260 294 3302 non
311 3241 428 3302 habere
442 3241 589 3303 videntur
602 3243 796 3305 voluntatem
810 3243 1015 3324 legislatoris,
1033 3241 1075 3301 si-

140 3336 270 3415 quidem
285 3333 391 3396 abillo
407 3352 470 3395 non
487 3335 669 3415 approbatae
684 3336 830 3415 fuerunt,
846 3336 904 3397 nisi
923 3339 1074 3414 tanquam

141 3427 298 3504 rubricae,
315 3427 347 3489 id
362 3431 410 3488 est
422 3427 461 3488 ad
484 3427 704 3500 illustrandum
721 3433 857 3508 textum,
884 3446 947 3492 nou
969 3429 1076 3490 autem

144 3521 185 3588 od
198 3521 429 3584 moderandum
438 3519 500 3606 jus·
