2540 4132
187 292 244 356 tlt
393 303 623 352 rusnrurrouns
643 303 726 349 rums
748 301 903 349 canorum.

186 452 264 512 Cum
280 466 379 528 genus
397 447 565 508 obsorbeat
583 449 613 506 et
633 445 798 506 exhauriat
817 463 925 506 omnes
946 444 1071 524 species
1091 447 1127 506 in

186 561 219 603 se
232 539 486 619 comprehensas,
499 538 523 599 si
536 537 742 598 sustineretur
756 537 911 616 generalis
924 542 1032 599 contra
1049 558 1128 618 spe-

187 633 316 709 cialem,
337 651 400 692 una
429 631 645 706 sustineretur,
672 631 770 691 altera
798 629 925 690 omnino
953 630 1129 692 tolleretur

186 724 358 805 dispositio,
375 723 406 786 Si
421 742 497 784 vero
519 723 708 784 sustineatur
727 722 871 800 specialis
892 727 1002 784 contra
1019 743 1129 802 gene-

185 819 304 894 ralem,
330 820 462 895 utraque
490 814 705 892 sustineretur,
727 833 840 893 nempe
868 816 1022 894 generalis
1050 822 1129 878 tan-

186 929 282 992 quam
294 910 413 990 regula,
426 908 569 988 specialis
582 911 688 968 autem
700 911 852 988 tanquam
863 909 1012 988 exceptio.
1024 912 1126 971 Unde

186 1003 253 1064 lraec
268 1002 377 1080 regula
392 1022 398 1063 :
415 1001 517 1081 penul
528 1019 585 1080 per
598 1000 719 1080 speciem
734 1000 902 1080 derogatur,
916 1001 1004 1082 eujus
1018 1003 1128 1082 signi-

185 1095 288 1156 ficatio
307 1097 354 1154 est
373 1094 457 1173 quod
479 1093 639 1172 dispositio
659 1093 803 1171 specialis
822 1113 947 1173 semper
965 1097 1127 1174 praevalet

185 1185 339 1265 generali,
356 1185 430 1265 quia
447 1204 504 1264 per
524 1203 594 1246 eam
613 1203 676 1245 non
694 1186 815 1246 tollitur
834 1187 1006 1266 generalis;
1027 1189 1126 1249 tolle-

187 1283 273 1340 retur
291 1281 397 1340 autem
416 1278 558 1357 specialis
578 1277 603 1338 si
619 1279 774 1356 generalis
794 1279 1008 1342 sustineretur.
1023 1283 1126 1344 Unde

187 1371 328 1433 inversus
343 1371 459 1450 regulae
474 1389 583 1432 sensus
598 1375 645 1432 est
658 1391 747 1450 penus
760 1372 866 1453 speciei
877 1394 934 1434 noo
947 1373 1086 1454 derogat.

227 1466 293 1524 Hoc
303 1464 342 1524 de
350 1463 472 1542 legibus
483 1463 645 1544 quaelicet
655 1465 777 1526 interse
785 1485 928 1546 pugnare
936 1467 1123 1548 videantur,

187 1555 291 1636 aliquo
313 1560 418 1618 temen
439 1557 533 1618 modo
557 1557 715 1618 conciliari
738 1563 878 1636 possunt.
897 1560 928 1622 Si
948 1579 1022 1622 vero
1048 1564 1128 1624 talis

186 1649 237 1711 vel
255 1652 344 1709 tanta
364 1649 446 1710 inter
466 1649 551 1728 leges
573 1651 778 1712 contrarietas
800 1651 840 1712 sit
864 1656 897 1714 ut
916 1654 1000 1715 nullo
1021 1657 1127 1718 modo

188 1740 347 1802 conciliari
370 1741 511 1818 valeant,
529 1743 570 1803 ad
593 1762 727 1823 sequens
749 1744 913 1807 theorema
936 1748 1129 1827 confugien-

189 1834 265 1894 dum
280 1835 337 1893 est.
1031 1845 1033 1849 ’

229 1927 280 1988 ΧΙ.
296 1928 350 1986 2⁰¹⁰
363 1923 477 1988 Theor.
495 1924 580 1990 Nono
595 1927 769 2010 legislatoris
786 1930 917 1994 noluntas
931 1933 1054 2015 derogat
1072 1957 1129 1998 on-

189 2017 294 2080 terlorl
311 2019 478 2082 contrarie.
945 2069 948 2073 -

234 2111 323 2174 Ratio
346 2115 393 2173 est
414 2113 488 2193 quie
509 2112 583 2176 licet
606 2120 752 2178 constans
774 2122 805 2180 et
825 2123 978 2200 perpetua
1001 2140 1129 2201 praesu-

188 2209 292 2268 matur
309 2205 497 2284 legislatoris
518 2207 662 2268 voluntas
685 2228 848 2291 quousque
870 2213 1034 2276 immutate
1058 2236 1126 2279 non

188 2297 295 2374 fuerit,
312 2298 337 2357 si
350 2297 502 2376 probatur
518 2303 623 2360 tumen
639 2301 677 2361 de
692 2302 775 2364 facto
793 2305 887 2366 luisse
902 2306 1124 2389 immutatam,

189 2389 391 2467 praesumptio
411 2391 522 2451 cedere
538 2397 661 2470 oportet
672 2395 795 2458 veritati
812 2418 818 2458 :
837 2417 919 2460 nova
932 2404 1008 2462 tunc
1021 2403 1129 2465 oritur

189 2479 334 2540 voluntas
358 2499 428 2560 quae
452 2483 629 2563 antiquam,
651 2490 803 2568 tanquam
824 2490 1039 2554 insociabilem
1065 2515 1127 2558 seu

189 2572 481 2652 contradictoriam,
498 2577 587 2638 tollit.
602 2579 691 2640 Unde
706 2582 847 2660 sequitur
861 2587 1086 2650 corollarium:

230 2665 319 2738 Quod
341 2667 423 2730 inter
446 2667 524 2728 duas
550 2669 768 2748 dispositiones
794 2680 900 2754 aperte
925 2683 1124 2763 contrarias,

189 2757 243 2818 illa
266 2759 386 2819 caeteris
411 2761 539 2838 paribus
568 2766 599 2823 et
622 2767 797 2842 generatim
822 2769 980 2849 loquendo
1008 2777 1127 2852 praefe-

190 2849 289 2910 rende
310 2854 356 2910 est
375 2870 444 2931 quee
462 2855 619 2916 recentior
638 2858 742 2920 fuerit.
764 2861 831 2920 Dixi
851 2865 964 2925 coelem‘s
978 2867 1123 2947 poribus,

188 2942 348 3022 penerotlm
363 2951 391 3003 et
405 2945 548 3007 abstracte
566 2949 729 3030 loquendo:
744 2953 818 3032 quid
836 2956 918 3016 enim
935 2957 960 3018 si
981 2962 1126 3024 rationa-

188 3034 292 3096 biliter
307 3039 453 3114 praesumi
473 3041 570 3119 possit
591 3042 661 3104 ideo
678 3045 889 3124 legislatorem
904 3049 985 3111 hanc
1004 3071 1124 3117 novam

190 3128 323 3190 edidisse
345 3123 539 3193 contrariam
555 3133 807 3218 dispositionem,
826 3141 899 3220 quia
915 3147 1056 3207 veterem
1074 3147 1122 3208 illi

189 3223 1121 3311 contrariamignoraverithroiectoignorantiavoluutario

189 3317 367 3400 opponitur.
384 3317 473 3378 Unde
488 3317 590 3396 potius
607 3323 736 3402 antiquo
755 3344 850 3404 quam
865 3346 947 3390 nova
959 3331 1010 3391 lex
1025 3333 1121 3395 susti-

190 3409 294 3468 nendo
308 3413 365 3470 est.
382 3411 480 3488 Igitur
495 3412 618 3491 exurgit
631 3434 747 3477 novum
762 3417 943 3483 theorema:

230 3501 296 3564 Xll.
313 3505 367 3561 3⁰¹·¹
381 3503 493 3564 Theor.
519 3503 654 3567 Voluntas
674 3509 848 3589 legislatoris
861 3533 918 3594 per
936 3536 1039 3580 novom
1058 3519 1117 3586 (lle-
