2502 4130
171 263 231 324 300
383 274 613 322 rusurruuouus
633 275 716 322 suuis
739 275 893 323 esuouror.

171 422 260 483 beret
274 418 414 482 animum
428 417 487 498 piis
499 419 730 496 fundatoribus,
741 421 777 482 ut
789 418 923 481 aliorum
934 420 1109 484 liberalita-

170 517 235 578 tem
258 513 359 593 magis
381 516 578 592 provocaret,
597 513 739 593 pluribus
770 513 942 575 honoribus
964 533 1109 577 commo·

171 608 282 690 disque
318 606 414 668 afficit
448 625 501 667 eos
532 605 585 686 qui
612 625 673 668 aare
708 624 766 668 suo
794 607 899 668 locum
913 607 1109 672 aedificarent

171 701 342 764 christiano
357 699 454 762 cultui
470 699 660 762 dedicatum.

210 798 351 862 Honores
365 794 398 854 in
419 811 455 855 eo
466 793 664 872 potissimum
678 792 893 855 consistebant
906 797 942 856 ut
954 797 985 855 1⁰
999 793 1110 857 liceret

170 887 330 950 fundatori
342 906 457 949 nomeu
480 905 572 948 suum
588 886 727 948 ecclesiae
746 887 937 948 inscribere:
956 888 1036 949 illud
1059 908 1109 950 eo-

171 982 267 1044 clesia
285 985 409 1044 tantum
432 982 587 1043 sumebat·
612 980 663 1043 Sic
688 981 827 1042 ecclesia
848 981 1039 1044 dicebantur
1060 983 1109 1044 vel

171 1075 332 1152 Eudoxias,
346 1076 396 1136 vel
406 1075 542 1152 Damasi,
555 1078 628 1152 etc,
641 1075 745 1154 prouti
762 1075 802 1135 ab
814 1075 968 1152 Eudoxio,
983 1076 1036 1137 vel
1051 1079 1109 1137 Da·

170 1188 271 1246 maso,
296 1173 369 1247 ete,
385 1171 475 1250 erant
494 1171 618 1245 erectae,
646 1187 819 1248 eorumque
845 1168 961 1230 nomen
986 1169 1109 1230 infacie

171 1265 345 1343 portarent.
361 1264 433 1325 Mox
447 1261 574 1322 inducto
585 1279 643 1323 usu
653 1264 855 1322 stemmatum
866 1261 1106 1340 gentilitiorum,

171 1355 245 1416 huic
266 1355 460 1434 inscriptioni
480 1354 613 1417 nominis
629 1357 762 1416 stemma
775 1355 929 1416 familiare
945 1357 1107 1434 successit,

170 1452 238 1510 tum
260 1451 428 1527 utrumque
454 1448 560 1526 etiam,
586 1451 622 1510 ut
642 1447 834 1511 indicaretur
857 1449 922 1510 sive
942 1449 1108 1531 antiquum

171 1541 254 1602 illius
272 1540 317 1602 rei
342 1541 535 1628 dominium,
558 1541 623 1602 sive
642 1559 781 1620 praescus
802 1543 901 1604 tutela
923 1561 1022 1622 quam
1049 1543 1109 1605 loci

172 1635 252 1696 sacri
270 1635 420 1696 fundator
433 1634 574 1696 haberet.

212 1731 243 1787 2⁰
257 1728 461 1804 Competebat
476 1727 570 1788 etiam
583 1728 722 1808 patronis
729 1728 780 1808 jus
791 1729 1047 1808 praesentationis
1055 1749 1109 1790 seu

172 1818 400 1898 postulationis,
423 1838 488 1899 prae
502 1822 623 1884 caeteris
636 1822 781 1884 omnibus
801 1822 900 1900 laicis,
917 1821 950 1882 in
977 1823 1110 1884 ecclesia

173 1931 269 1992 quam
291 1912 330 1972 de
347 1930 409 1974 aere
426 1932 482 1977 suo
497 1914 676 1989 fundasset3
693 1915 777 1996 quod
785 1915 838 1996 jus
852 1916 945 1994 plura
960 1917 1110 1996 specialia

173 2006 471 2085 comprehendebat,
493 2008 667 2069 secundum
687 2008 809 2070 divinas
821 2008 1000 2070 functiones
1014 2009 1047 2069 iu
1060 2028 1110 2070 or-

174 2098 246 2160 dine
282 2101 322 2161 ad
352 2118 421 2181 quae
444 2100 512 2162 haec
545 2101 713 2179 postulatio
749 2101 1020 2163 considerabatur.
1059 2103 1109 2164 Sic

173 2191 266 2254 bonor
273 2213 407 2274 precum,
426 2212 488 2274 quo
503 2193 650 2256 videlicet
664 2194 864 2275 singulariter
878 2199 910 2256 et
922 2195 1108 2258 nominatim

173 2303 283 2364 preces
308 2287 339 2346 in
357 2287 489 2348 ecclesia
509 2286 716 2350 funderentur
742 2306 800 2367 pro
812 2287 1000 2362 fundatorc3
1018 2288 1110 2349 bonor

174 2377 404 2458 thurificationis
417 2381 467 2440 vel
492 2381 677 2460 aspersionis,
695 2399 757 2460 quo
781 2381 908 2460 speciali
931 2381 1027 2444 modo
1043 2401 1108 2461 prae

174 2470 295 2532 caeteris
308 2471 395 2531 laicis
409 2472 674 2536 thurificationem
687 2473 737 2535 vel
752 2473 966 2553 aspersionem
985 2474 1108 2553 recipe·

169 2567 222 2626 'ret
235 2563 397 2639 fundatum
411 2565 503 2626 bonor
519 2567 605 2644 scdr'r,
620 2586 681 2646 quo
698 2566 879 2628 distinctum
892 2567 999 2628 locum
1010 2567 1108 2628 habe-

173 2661 222 2720 ret
237 2658 269 2718 in
291 2659 423 2721 ecclesia
435 2677 500 2722 suae
512 2661 723 2736 fundationis3
741 2660 833 2722 locor
845 2661 962 2737 tumuli,
981 2679 1044 2742 quo
1060 2679 1108 2722 se

173 2751 315 2829 pulcrum
337 2754 471 2830 speciale
486 2757 517 2816 et
529 2753 710 2816 distinctum
729 2773 748 2815 a
767 2753 887 2816 caeteris
898 2754 986 2815 laicis
1001 2754 1035 2815 in
1050 2755 1107 2815 hac

173 2843 241 2922 ipsa
260 2844 392 2904 ecclesia
407 2865 558 2908 excavare
577 2847 693 2926 possit3
710 2847 801 2908 bonor
819 2847 946 2910 cundcloe
966 2851 998 2909 et
1015 2851 1107 2908 caete-

173 2955 281 2998 rorum
305 2937 445 2998 omnium
467 2940 753 3018 sacramentalium,
771 2941 896 3021 quaudo
919 2941 987 3002 baec
1005 2941 1039 3000 in
1060 2958 1106 3001 ec

173 3031 269 3094 clesia
281 3030 548 3112 dispensarentur,
564 3038 623 3096 etc.

214 3127 274 3189 Sed
288 3129 319 3188 3⁰
333 3126 413 3204 loco,
432 3127 534 3189 honor
544 3129 721 3208 praecipuus
735 3128 767 3188 iu
787 3146 824 3190 eo
838 3131 906 3190 erat
922 3131 956 3189 ut
969 3127 1021 3208 pio
1038 3129 1107 3188 fun-

173 3221 274 3283 datori
289 3240 345 3282 seu
360 3224 491 3300 patrono
515 3221 623 3283 liceret
637 3225 828 3302 praesentare
844 3241 900 3282 seu
917 3226 1105 3301 presentem

172 3332 293 3392 sistere,
309 3317 432 3392 offerre,
445 3315 668 3377 commendare
678 3316 824 3395 episcopo
832 3333 1001 3394 personam
1011 3333 1106 3395 quam

173 3413 303 3486 cuperet
321 3409 439 3487 praefici
461 3407 557 3470 sacris
584 3408 765 3471 ministeriis
794 3409 946 3470 abeundis
972 3409 1004 3468 iu
1036 3409 1104 3469 loco

174 3515 237 3558 suae
252 3500 453 3561 fundationis.
472 3503 547 3573 Quae
561 3501 687 3581 quidem
703 3503 915 3580 praesentatio,
932 3501 1005 3564 licet
1015 3501 1054 3562 de
1073 3519 1105 3563 se

357 3609 372 3638 ο
