2542 4122
189 337 244 396 194
397 319 627 396 lusururrouss
648 348 731 394 runis
754 346 908 392 cenoman

187 490 332 568 rationiS,
350 491 493 571 adeoque
508 491 549 552 ud
562 491 680 553 ordinis
694 507 839 552 normam
848 488 1007 567 compet't.
1026 488 1125 568 Atqui

187 585 288 645 ordini
306 588 479 664 repugnat,
495 588 529 645 ut
544 603 600 661 ee,
623 604 692 664 quae
709 584 750 644 ad
766 583 909 644 ordinem
924 582 1125 660 superiorem

187 677 364 756 pertinent,
392 677 558 757 quisquam
585 678 728 753 ordinet,
751 695 788 736 ee
813 675 1009 736 determinet.
1038 677 1124 754 Ergo

185 771 237 849 jus
250 770 416 830 ordinandi
431 789 468 830 ae
481 769 711 831 determinandi
728 789 787 846 eu,
814 786 883 848 quae
900 768 1060 846 pertinent
1082 768 1124 828 ed

189 864 332 924 ordinem
353 863 559 942 superiorem,
575 864 607 923 in
622 863 771 924 societate
786 879 932 922 essenon
947 865 1059 940 potest.

228 979 242 1014 u
261 959 278 1017 J
281 975 333 1016 um
345 974 419 1016 vero
439 975 476 1015 ex
491 957 642 1034 proedicto
654 943 793 1035 generali
803 955 914 1034 regule
925 958 1027 1014 totum
1040 955 1124 1014 evol-

188 1050 272 1110 vitur
281 1049 444 1127 potestatis
456 1053 605 1126 systema,
618 1068 714 1128 quam
726 1048 866 1126 perfeeto
881 1047 1015 1107 societas
1027 1046 1126 1106 hehet

190 1143 219 1201 ia
233 1158 315 1215 sucu·
330 1140 485 1218 siquidem
504 1141 671 1219 edaequeta
686 1141 797 1201 divisio
815 1159 852 1199 ex
875 1158 913 1200 eu
927 1139 1055 1218 profluit
1069 1157 1127 1216 po-

190 1233 308 1295 testatis
324 1232 481 1313 ejusdem,
500 1252 569 1312 quoe
584 1237 630 1294 est
642 1233 673 1292 in
687 1233 856 1312 lepifcraca,
874 1231 1124 1312 injudiciacc'arm

190 1331 221 1388 et
232 1327 264 1386 in
275 1326 442 1387 coactivam.
456 1325 544 1386 Proh.
558 1328 603 1386 Ex
616 1327 727 1405 regula
738 1325 878 1405 generali
891 1328 958 1386 tote
972 1328 1125 1403 potestate,

190 1437 285 1497 cluam
301 1418 410 1478 visure
425 1422 544 1480 naturae
559 1418 691 1480 societas
715 1419 862 1496 perfeeto
875 1418 972 1478 hebet
991 1417 1023 1476 ia
1043 1438 1126 1495 suos,

190 1511 330 1572 consistit
352 1511 384 1569 in
407 1510 478 1591 jure
505 1511 667 1590 exigendi,
690 1531 760 1590 qnee
786 1511 965 1572 necessarie
986 1514 1062 1572 sunt
1088 1512 1128 1572 ad

83 1676 86 1680 ¹
190 1605 285 1664 finem
299 1603 391 1682 plene
404 1605 646 1684 assequendum.
663 1605 758 1684 Atqui
771 1605 812 1664 ed
828 1606 924 1664 finem
935 1604 1028 1682 plene
1042 1623 1126 1665 usse-

191 1696 351 1774 quendum
364 1696 426 1756 tria
439 1697 507 1756 haec
521 1701 644 1758 tantum
658 1698 862 1777 requiruntur
877 1718 883 1758 :
900 1701 933 1757 1⁰
943 1701 979 1757 ut
994 1698 1126 1774 media,

193 1806 261 1868 quae
286 1787 326 1848 ed
349 1789 445 1848 finem
461 1789 662 1867 eonduount,
681 1790 867 1870 obligatorio
888 1790 982 1850 modo
1009 1808 1129 1869 propo·

193 1869 326 1955 nentur3
346 1885 380 1942 2⁰
394 1885 428 1942 ut
452 1901 522 1962 quoe
542 1884 703 1962 proposito
724 1887 813 1960 sunt,
830 1883 910 1960 rite,
930 1883 962 1943 id
980 1887 1028 1943 est
1037 1883 1130 1963 juxta

193 1993 265 2034 eum
277 1975 407 2036 modum
422 1994 459 2035 ae
474 1994 620 2054 sensum,
645 1995 706 2056 quo
727 1978 855 2038 fuerunt
873 1976 1056 2055 proposito,
1075 1995 1129 2056 ep·

192 2068 362 2146 plicentur3
379 2071 457 2130 3⁰ut
471 2073 637 2130 renuentes
654 2070 765 2130 eedem
780 2069 957 2148 applicare,
981 2070 1014 2130 vi
1035 2070 1130 2130 adhi-

192 2161 274 2240 bita,
292 2165 463 2242 cogantur,
485 2162 691 2240 impedientes
707 2167 931 2235 eoereeuntur3
952 2182 990 2222 ex
1014 2163 1130 2242 quibus

192 2255 329 2331 primum
344 2255 504 2317 eonst'tuit
522 2258 710 2333 potestatem
725 2255 896 2336 lepifccam,
923 2256 1060 2316 alterum
1075 2256 1129 2336 ja-

192 2346 364 2422 dicc'aciam,
380 2348 508 2409 tertium
521 2348 689 2409 coactivam.
707 2351 790 2428 Ergo
806 2349 974 2428 edaequate
988 2351 1129 2426 poteste-

191 2438 230 2499 tis
258 2439 385 2515 divisio,
413 2459 507 2518 quum
529 2441 559 2501 vi
585 2461 649 2502 suae
678 2446 798 2503 naturae
823 2443 956 2503 societas
984 2443 1130 2520 perfeeto

193 2529 288 2591 hebet
301 2529 333 2589 in
346 2549 434 2608 siloe,
449 2531 481 2590 in
499 2532 645 2610 legifera,
667 2535 699 2594 in
720 2534 906 2614 judiciarie,
930 2534 962 2594 in
984 2535 1130 2596 coactiva

193 2627 346 2702 potestate
361 2624 525 2706 adaequate
543 2627 729 2688 continetur.

233 2740 246 2775 n
273 2721 317 2778 De
331 2718 389 2779 hec
404 2719 499 2797 igitur
513 2719 627 2797 triplici
645 2721 808 2798 potestatis
823 2720 926 2799 specie
945 2719 1128 2799 singiliatim

190 2807 257 2887 jem
272 2813 318 2870 est
332 2812 500 2888 agendum.
1124 2838 1126 2842 ·

232 2901 284 2962 VI.
309 2922 323 2958 n
358 2901 403 2962 Dc
424 2912 570 2983 potestate
595 2905 729 2986 lcpifecc.
758 2909 899 2967 Potestas
928 2906 1053 2986 lcqifera
1082 2911 1129 2967 est

193 2995 331 3072 potestus
345 2998 541 3074 proponendi
557 2997 742 3078 obligatorio
762 2999 856 3060 modo
873 3018 943 3078 quse
970 2999 1011 3058 ud
1031 2999 1127 3060 socie-

192 3085 265 3149 tatis
279 3087 374 3147 finem
389 3091 620 3169 essequendum
632 3095 705 3152 sunt
719 3091 906 3152 necessaria.
921 3094 990 3163 Quo
1000 3091 1127 3152 notione

193 3180 312 3260 posita,
326 3180 375 3242 hee
390 3183 617 3261 propositiones
633 3204 670 3244 ex
684 3185 741 3262 iis,
766 3202 835 3264 quae
848 3184 915 3264 jetm
931 3185 1017 3246 dieto
1032 3188 1125 3260 sunt,

194 3273 366 3334 dimanant.

233 3388 247 3424 u
281 3368 312 3426 1⁰
333 3365 467 3426 Potestas
494 3367 619 3447 lepifera
648 3370 781 3430 societati
802 3369 948 3450 perfecta
970 3369 1129 3430 entissime

195 3457 226 3515 in
246 3477 310 3518 suos
337 3459 484 3539 competit.
513 3459 604 3522 Proh.
630 3463 784 3540 Competit
805 3463 945 3524 societati
978 3463 1127 3540 perfectae

193 3545 245 3621 jus
260 3549 403 3625 exigendi
414 3570 433 3611 a
446 3551 509 3611 suis
525 3553 677 3632 quidquid
691 3555 902 3615 necessarium
917 3558 965 3616 est
975 3555 1016 3616 ed
1031 3555 1127 3615 finem
