2540 4132
7 356 10 436 Ι

198 331 236 392 96
407 343 634 392 marrrvrronss
655 313 738 392 roms
760 345 913 392 canonica

199 490 307 552 temet
321 486 534 550 confusionem
548 487 712 568 cujusdam
724 489 861 568 antiquae
874 487 1030 550 versionis
1041 507 1135 552 cano-

198 600 274 642 num
289 599 476 660 graecorum,
492 581 640 658 cumipse
651 586 732 644 esset
748 582 846 644 latina
857 585 888 642 et
901 600 1008 661 graeca
1023 583 1136 662 lingua

199 674 415 754 peritissimus,
429 677 558 752 rogetus
580 675 793 751 aLaurentio,
816 677 965 737 Romanae
982 677 1134 744 Ecclesiae

201 768 351 844 diacono,
376 771 445 828 cta
467 766 627 844 Stephano
646 768 808 828 Dalmatiae
826 768 993 846 episcopo,
1016 787 1134 830 novam
1195 832 1198 837 ,

200 861 375 922 versionem
387 878 563 938 gracorum
582 879 739 920 canonum
753 861 894 938 perfecit.

241 954 304 1016 Sed
319 957 435 1031 praeter
451 970 587 1014 canones
603 953 807 1014 conciliorum
823 953 951 1030 Nisam,
969 957 1136 1034 Ancyrcn·
1161 983 1172 1006 ο

200 1047 253 1124 sie,
270 1045 551 1123 Neo-cesariensis,
573 1046 773 1125 Gangrenam,
786 1046 1005 1124 laodicensis,
1023 1049 1137 1110 Antio-

201 1139 303 1216 cheni,
321 1143 352 1200 et
370 1138 714 1218 constantinopolitani,
738 1138 802 1218 qui,
825 1142 860 1200 ut
877 1138 944 1217 ipse
955 1141 1133 1218 profitetur,

198 1232 266 1312 jam
281 1234 371 1293 erant
391 1232 527 1292 traducti
545 1231 577 1292 in
596 1231 773 1294 versionem
793 1235 942 1309 veterem,
965 1232 1091 1294 addidit
1104 1236 1136 1294 et

201 1325 367 1404 50priores
378 1341 513 1386 canones
528 1325 752 1403 apostolorum,
768 1342 904 1386 canones
916 1325 1132 1404 sardicenses,

201 1419 472 1481 Chalcedonenses
487 1420 518 1478 et
530 1417 704 1478 Africanos,

240 1512 382 1574 Perfecta
406 1511 466 1573 hac
504 1511 647 1572 versione
680 1530 736 1572 seu
757 1511 822 1593 ¹hac
849 1511 948 1574 latina
976 1529 1136 1574 canonum

201 1606 443 1684 compilatione,
466 1608 596 1684 rogatus
619 1623 638 1664 a
660 1603 786 1665 loliano
813 1607 963 1666 Romane
986 1606 1136 1666 Ecclesiae

202 1699 407 1778 praesbytero,
420 1698 516 1775 coepit
526 1697 621 1758 etiam
633 1697 779 1776 colligere
796 1697 968 1758 decretales
979 1700 1136 1760 Romano:

202 1810 273 1852 rum
287 1789 484 1866 Pontificum,
507 1791 591 1870 quod
605 1789 679 1851 fecit
699 1789 877 1868 incipiendo
893 1809 912 1851 a
927 1791 1066 1869 Syricio‚
1082 1791 1135 1871 qui

202 1882 422 1946 Pontificatum
434 1881 530 1960 gessit
548 1883 606 1944 suh
623 1885 685 1943 fine
705 1883 811 1944 saeculi
826 1885 882 1960 Vl,
903 1883 1077 1945 desinendo
1095 1884 1136 1944 ad

205 1974 502 2052 luctaminum,
529 1975 617 2055 cujus
639 1975 697 2036 sub
716 1976 900 2054 pontificatu
928 1975 1015 2038 circa
1039 1978 1135 2038 finem

205 2069 309 2132 sacculi
330 2068 534 2147 VDyonisius
547 2072 681 2130 Romam
703 2072 842 2132 venerat.
866 2071 912 2131 lta
927 2069 1045 2148 prodiit
1066 2070 1135 2132 haec

204 2163 344 2226 collectio
357 2161 473 2241 duplici
488 2165 577 2240 parte
593 2165 739 2222 constans
759 2182 764 2222 :
789 2163 889 2224 altera
903 2180 1042 2224 canones
1060 2181 1135 2224 con-

202 2259 344 2320 ciliorum
365 2256 598 2334 complectens,
632 2255 732 2316 altera
754 2255 924 2318 decretalia
945 2255 1133 2318 Pontificum

202 2354 415 2412 Romanorum
426 2348 585 2427 colligens.

473 2495 505 2542 11.
519 2501 550 2540 De
563 2501 691 2543 collectione
700 2501 834 2544 Isldcrlana.

241 2626 292 2692 lv.
310 2627 384 2688 Post
406 2621 640 2703 Dyonisianam,
662 2625 724 2686 elia
745 2624 861 2704 prodiit
884 2623 1133 2692 celebratissima

202 2720 342 2782 collectio
358 2735 513 2780 canonum
532 2717 678 2778 Ecclesiae
691 2719 813 2795 latinae,
832 2737 917 2798 quae,
938 2717 1032 2796 juxta
1053 2737 1133 2780 non-

201 2813 302 2873 nullos
320 2810 457 2887 codices,
475 2829 589 2871 nomen
601 2828 666 2888 prae
687 2829 718 2870 se
739 2811 799 2872 fert
818 2809 927 2872 Isidori
941 2808 1129 2888 Mercatorr's,

197 2904 288 2985 juxta
313 2902 409 2980 alios,
439 2902 549 2964 Isidori
575 2901 760 2980 Peccatoris;
775 2905 923 2964 caeterum
951 2902 1131 2964 collectoris

200 3014 309 3059 verum
322 3014 436 3056 nomen
449 2999 479 3056 et
490 2995 593 3074 patria
603 2996 802 3074 ignorantum
815 2996 871 3056 sed
881 2999 1005 3074 tempus
1019 2995 1052 3056 in
1067 3013 1130 3076 quo

198 3091 334 3167 vivebat,
351 3089 407 3151 etsi
430 3108 491 3150 non
506 3089 648 3149 absolute
665 3093 884 3168 cognoscatur,
901 3091 1008 3150 tamen
1031 3108 1070 3149 ex
1091 3107 1130 3150 eo

198 3183 282 3266 quod
306 3184 374 3245 haec
397 3182 539 3244 collectio
563 3182 809 3260 comprehendat
832 3200 968 3243 canones
994 3181 1130 3262 alicujus

196 3277 319 3340 concilii
328 3275 510 3338 parisiensis
519 3275 616 3335 hahiti
627 3293 710 3336 anno
722 3279 791 3354 829,
806 3276 886 3336 solet
896 3274 989 3336 statui
1002 3274 1129 3336 initium

196 3372 290 3452 hujus
303 3368 493 3430 collectionis
506 3367 589 3428 circa
598 3369 738 3428 medium
753 3367 858 3430 saeculi
873 3369 925 3444 IX,
937 3366 1048 3427 eodem
1060 3367 1127 3426 fere

196 3469 337 3542 tempore
363 3479 423 3540 quo
450 3459 565 3538 prodiit
592 3461 732 3522 collectio
754 3460 907 3522 Plrotiana
933 3459 964 3519 in
990 3458 1127 3520 Orientis

196 3555 345 3620 Ecclesia.
