2502 4130
213 329 274 394 280
425 331 654 388 rusrrrurrortus
673 341 757 388 rurus
778 339 933 388 1111111111.

257 489 320 554 Sed
331 487 495 550 monachis
508 486 785 564 bethlehemiticis,
803 486 848 548 uti
859 486 957 548 relert
969 482 1156 563 Cassianus,

217 583 310 644 nimis
321 583 451 660 longum
463 581 566 642 visum
581 583 628 642 est
641 583 766 659 tempus
781 580 866 660 quod
877 583 949 658 post
960 579 1083 641 laudes
1092 599 1159 660 per-

218 677 335 739 solutae
348 675 515 736 decurrere
526 673 655 736 deberet
666 693 766 753 usque
778 673 818 734 ad
832 672 959 734 tertiam
972 674 1160 750 persolven-

219 769 304 844 dam,
328 767 403 846 quin
425 783 534 844 preces
553 769 781 826 renovarentur
805 765 891 844 apud
912 765 1106 826 Dominum.
1122 769 1161 827 Ut
1243 783 1244 856 }

220 879 295 941 ergo
318 859 489 922 evitaretur
504 875 543 918 ne
565 857 711 918 monachi
727 876 784 935 per
798 857 980 938 hujusmodi
1007 857 1162 919 interme-

220 955 308 1014 dium
329 955 464 1030 tempus,
490 950 580 1012 otiosi
603 955 634 1010 11
659 949 859 1010 somniculosi
886 949 918 1009 in
941 949 1071 1011 cellulis
1100 951 1161 1011 suis

142 1038 145 1042 ’
220 1045 417 1126 pigritarent,
429 1043 673 1106 institueruntut
681 1041 822 1102 etiamad
832 1042 1036 1118 solisortum,
1046 1062 1161 1122 nempe

221 1139 299 1200 hore
307 1137 420 1218 premo,
446 1134 616 1198 iterumad
639 1135 749 1195 laudes
772 1135 905 1196 Domino
928 1136 1162 1213 persolvendas

222 1230 435 1294 convenirent.
1245 1307 1246 1310 Ἴ

262 1328 395 1385 Demnm
406 1323 524 1402 placuit
538 1325 645 1385 sancto
659 1321 829 1385 Benedicto
842 1321 1039 1401 patriarchae
1055 1341 1163 1384 mons-

223 1417 355 1478 chorum
380 1415 620 1477 occidentalium
644 1419 676 1478 11
697 1415 814 1495 aliquid
836 1415 876 1476 dc
894 1434 953 1476 suo
979 1415 1060 1476 huic
1085 1434 1164 1494 1111-

209 1507 317 1572 candi
341 1506 490 1569 methodo
513 1508 659 1588 adjicere.
677 1509 783 1570 Voluit
794 1511 829 1569 ut
849 1507 1000 1568 monachi
1017 1508 1083 1584 sui,
1106 1509 1164 1568 diei

225 1601 373 1681 operibus
387 1599 565 1679 persolutis,
579 1601 619 1662 ed
634 1601 706 1662 solis
724 1619 871 1662 occasum
880 1601 999 1660 iterum
1014 1601 1164 1662 conveni-

224 1696 295 1754 rent
309 1696 340 1754 et
352 1693 479 1754 diurnas
490 1711 599 1770 preces
607 1693 841 1774 quodammodo
852 1693 1065 1770 complerent
1083 1694 1164 1754 unde

225 1785 337 1847 ultima
357 1784 499 1845 instituta
517 1789 565 1846 est
587 1787 666 1848 hora
680 1803 750 1866 quae
764 1785 848 1847 dicta
861 1789 908 1846 est
923 1785 1160 1865 completoriwn.

227 1877 290 1939 Sed
304 1877 372 1938 haec
386 1894 450 1938 non
465 1881 555 1938 erent
566 1879 626 1939 nisi
636 1879 778 1940 instituta
787 1877 974 1954 monastica,
999 1897 1077 1958 quse
1087 1879 1164 1957 pris-
1245 1883 1246 1934 1

225 1971 299 2034 tiuee
311 1969 473 2049 praecandi
487 1973 518 2032 et
529 1971 682 2049 psallendi
704 1971 854 2032 methodo
878 1970 1038 2032 orationis
1062 1970 1163 2032 studio

226 2063 275 2126 cui
285 2067 376 2126 crant
389 2063 505 2125 addicti
519 2063 695 2142 coenobita,
708 2063 836 2142 proprie
848 2062 1059 2125 videbantur.

265 2160 317 2221 IV.
333 2160 411 2220 Cum
425 2175 500 2218 vero
514 2157 620 2236 plures
635 2175 674 2216 ex
693 2155 856 2218 monachis
872 2157 1030 2235 assumpti
1051 2157 1117 2218 sint
1135 2158 1164 2217 in

226 2253 355 2327 clerum,
372 2249 435 2310 imo
451 2250 492 2310 ad
506 2249 721 2329 episcopatum
736 2249 882 2327 promoti,
902 2253 1075 2328 coeperunt
1094 2270 1165 2330 pro

117 2345 120 2349 ’
226 2345 343 2404 ducere
359 2343 399 2404 ad
416 2342 546 2403 clericos
558 2342 725 2404 1111111111
749 2341 824 2402 etin
847 2341 910 2402 suis
924 2342 1164 2405 cathedralibus

226 2433 364 2498 ecclesiis
384 2433 546 2495 instituere
566 2434 650 2514 quod
679 2434 711 2494 in
735 2433 925 2504 monasterio
951 2434 1162 2509 didicisseut;

226 2526 289 2588 imo
312 2528 343 2587 et
365 2526 540 2588 monastica
565 2526 707 2589 instituta
730 2527 809 2591 adeo
834 2527 1025 2604 placuerunt
1041 2529 1164 2591 clericis

226 2619 429 2683 secularibus
448 2622 500 2697 ut,
527 2621 641 2682 saeculo
664 2619 795 2700 quinto,
816 2619 882 2680 fere
897 2619 1041 2682 universi
1058 2623 1164 2684 clerici

228 2731 427 2775 communem
439 2712 537 2774 vitam
549 2713 777 2774 monachorum
791 2712 926 2790 amplexi
938 2712 1012 2790 sint,
1027 2733 1087 2775 seu
1102 2717 1165 2777 vita

228 2805 428 2882 canonicalis,
452 2805 617 2885 regularis,
640 2805 828 2884 generaliter
849 2824 869 2866 a
890 2803 1013 2866 clericis
1036 2812 1166 2888 recepta

227 2896 331 2958 fuerit.

266 2989 343 3050 Inde
366 2989 409 3050 nil
429 2991 550 3052 facilius
572 2990 754 3070 contingere
778 2991 879 3068 potuit
900 3009 998 3072 quam
1014 2993 1097 3054 ordo
1116 2993 1166 3054 hic

229 3081 434 3144 distribuendi
457 3083 597 3144 divinum
621 3082 760 3144 officium
781 3083 925 3160 primitus
951 3102 970 3144 a
997 3085 1166 3146 monacbis

203 3194 206 3199 ·
228 3176 425 3239 introductus
438 3194 457 3238 a
469 3175 590 3237 clericis
605 3176 749 3238 omnibus
764 3175 967 3254 reciperetur.

270 3270 332 3332 Sed
345 3275 412 3331 crat
425 3267 521 3329 divini
532 3268 625 3330 oflicii
633 3268 802 3347 persolutio
818 3287 868 3330 res
880 3269 1009 3347 publice
1018 3269 1053 3330 in
1067 3272 1166 3333 eccle·

229 3362 293 3439 siis,
301 3366 333 3424 et
340 3361 547 3423 communiter
556 3379 576 3422 a
584 3361 704 3422 clericis
714 3361 806 3422 simul
819 3361 979 3422 associatis
991 3363 1162 3442 explenda.

269 3455 345 3514 Erat
363 3472 476 3532 nempe
498 3471 571 3531 pers
589 3455 735 3533 quaedsm
749 3454 831 3514 illius
842 3454 1007 3515 ministerii
1023 3457 1114 3534 quod
1128 3475 1165 3518 111

231 3542 426 3618 ordinatione
456 3562 513 3605 sua
536 3545 739 3624 sortiebatur,
760 3546 886 3625 quando
906 3547 1000 3609 unius
1020 3549 1163 3610 ecclesie
