2518 4144
198 343 238 408 8'0
309 375 316 386 ·
406 357 637 406 memmrmxns
656 357 739 405 mnis
762 357 917 406 obnoxior.

199 506 283 566 buno
297 503 440 565 ordinem
458 501 675 564 invariabilem
689 503 730 564 ad
743 501 849 578 fidem,
867 504 911 576 ut,
933 500 971 560 iis
989 500 1133 577 mutatis,
1252 527 1253 534 ¹

198 597 277 658 fides
299 596 432 675 amplius
454 595 584 673 exprimi
603 614 667 656 non
691 595 811 668 valeat;
833 594 889 655 sed
913 593 1028 672 patim,
1053 593 1136 655 sicut

152 745 153 749 ,
198 692 272 751 sunt
282 689 387 769 plures
400 705 493 750 voces
506 705 576 766 quae
589 687 774 749 ordinantur
787 687 827 748 ad
840 686 987 747 eumdem
1001 703 1134 765 concep-

197 782 390 844 tommentis
405 779 659 859 exprimendum,
683 781 777 841 modo
801 797 887 855 unae,
909 779 1005 839 modo
1025 779 1134 840 alterae

197 875 260 937 siut
285 875 422 953 aptiores
448 877 479 934 et
505 876 700 951 opportuna,
723 872 767 934 ita
791 872 884 950 plura
902 871 1002 948 faeta,
1026 872 1135 950 plures

197 986 309 1048 praxea
323 967 355 1027 in
368 965 508 1028 Ecclesia
522 983 629 1044 -pro
650 969 839 1044 temporum,
861 965 1014 1041 locorum,
1036 968 1134 1044 atque

197 1078 403 1140 personarum
417 1059 792 1136 varietate-possunt-
798 1058 893 1120 modo
908 1057 1022 1136 magis,
1036 1057 1133 1120 modo

197 1154 300 1214 minus
315 1151 572 1231 opportune—ad
586 1151 671 1211 idem
687 1151 803 1230 dogma
819 1149 1062 1230 significandum
1076 1169 1134 1229 ap-

196 1247 267 1309 tari.
285 1247 322 1308 V.
337 1265 368 1324 g.
382 1245 485 1305 clerus
495 1244 547 1324 jus
563 1244 657 1305 debet
671 1244 789 1304 habere
801 1244 842 1304 ad
856 1243 997 1306 subsidia
1011 1247 1134 1322 tempo-

197 1339 285 1400 ralia.
299 1339 408 1398 Plures
423 1340 529 1398 autem
544 1337 576 1397 iu
590 1337 678 1416 praxi
694 1355 761 1397 esse
776 1340 907 1415 possunt
917 1335 1004 1397 modi
1019 1337 1134 1415 quibus

197 1433 257 1493 boo
273 1431 389 1509 dogma
399 1430 610 1508 exprimetur:
626 1431 728 1490 clerus
745 1429 828 1490 euim
840 1432 943 1509 potest
957 1428 1135 1491 immobilia

196 1525 281 1586 bona
295 1523 465 1603 possidere,
482 1523 532 1583 vel
553 1523 637 1583 dona
656 1523 806 1601 recipere,
826 1522 982 1601 siquidem
1001 1522 1063 1582 hoe
1081 1523 1134 1582 vel

196 1617 274 1677 illud
288 1616 333 1677 rei
349 1615 566 1677 ecclesiastica
577 1615 683 1676 utilius
693 1616 827 1677 evadere
841 1617 958 1694 poteat;
971 1617 1046 1676 sunt
1055 1633 1132 1694 ergo

197 1709 259 1770 duo
274 1709 357 1769 facta
371 1725 441 1787 quae
457 1726 490 1768 se
505 1708 644 1769 referunt
658 1707 699 1768 ad
712 1708 855 1768 eamdem
871 1707 1046 1768 veritatem.

237 1800 387 1876 Christus,
403 1818 430 1860 e.
447 1819 492 1878 g,
510 1801 689 1861 adorandus
704 1803 752 1861 est
769 1803 920 1880 tanquam
938 1817 1079 1880 praesens
1100 1800 1133 1861 in

195 1892 406 1966 Eucharistia3
422 1891 538 1970 dogma
555 1895 602 1953 est
621 1893 763 1954 adoratio
786 1893 892 1954 debita
910 1893 1129 1956 Eucharistiae.

196 1985 295 2047 Hodie
306 1984 382 2045 illud
392 1985 577 2064 profitemur
586 1984 723 2046 maxima
732 1985 960 2065 genuflexione,
973 1985 1133 2065 siquidem

195 2097 264 2141 mos
282 2081 329 2140 est
343 2077 428 2158 apud
443 2096 499 2139 nos
516 2077 577 2139 hoe
591 2078 653 2139 ritu
667 2079 840 2140 maximum
852 2078 1044 2140 adorationis
1064 2080 1133 2140 oul-

194 2176 262 2234 tum
276 2172 461 2252 exprimere.
478 2171 586 2233 Ponite
599 2189 703 2233 mores
715 2171 886 2249 immutari,
904 2175 936 2232 et
954 2171 1015 2232 alio
1032 2173 1131 2234 modo

195 2266 325 2344 exprimi
337 2266 466 2341 cultum,
476 2268 551 2326 tuno
561 2263 726 2342 disciplina
735 2264 964 2344 genuflectendi
975 2265 1131 2328 varianda

195 2359 251 2416 est.
270 2357 302 2416 Si
317 2356 413 2434 igitur
424 2356 457 2416 in
470 2356 576 2434 aliqua
590 2356 730 2434 natione,
752 2357 880 2419 mutatis
898 2357 1055 2434 moribus,
1073 2377 1131 2438 ge-

194 2447 328 2508 nussexio
357 2451 571 2527 contemptam
598 2448 798 2527 significaret,
822 2450 997 2530 genuflexio
1019 2451 1131 2528 prohi-

172 2544 175 2550 '
192 2539 297 2604 heuda
311 2543 402 2600 esset.

232 2634 279 2694 lta
293 2631 409 2694 seimus
426 2633 603 2695 christiana
623 2633 823 2712 perfectiouis
838 2653 942 2696 oausa-
952 2635 1130 2714 primitivas

193 2726 327 2786 asseclas
342 2724 522 2805 religiosam
540 2726 638 2788 vitam
652 2725 684 2786 in
699 2745 804 2788 eremo
826 2727 961 2790 duxisse.
981 2729 1053 2791 Vita
1073 2729 1130 2792 illa

193 2817 354 2880 eremitica
375 2819 570 2899 exprimebat
590 2823 777 2898 conceptum
801 2820 978 2882 christianae
1004 2822 1130 2900 perseo-

192 2910 296 2973 tionis.
313 2911 522 2991 sequentibus
536 2911 658 2972 saeoulis
671 2912 739 2974 haee
751 2912 816 2974 vita
825 2912 857 2973 in
868 2914 1009 2975 Ecclesia
1018 2934 1058 2975 ex
1067 2935 1128 2978 usu

192 3003 336 3065 decessit.

231 3096 320 3158 Unde
336 3096 477 3176 sequitur
489 3095 686 3175 disciplinam
696 3097 939 3160 eeclesiasticam
950 3098 1028 3160 nihil
1039 3101 1128 3164 aliud

192 3207 259 3250 esse
280 3188 339 3248 ossi
361 3197 486 3269 spateae
509 3188 696 3251 oamediliom
721 3189 869 3268 factorem
891 3191 933 3252 od
953 3192 1129 3256 invariabile

190 3289 316 3363 systema
340 3279 508 3362 dogmatum
532 3281 680 3362 aptassime
700 3280 877 3344 ordinatam.
904 3285 994 3357 Ouod
1020 3284 1127 3364 ipsum

191 3375 308 3454 dogma
321 3374 366 3436 sio
380 3374 598 3454 accipiendum
609 3374 659 3451 sit,
673 3375 761 3454 quasi
771 3375 866 3437 totius
879 3377 1009 3458 hujusce
1020 3378 1128 3440 varia-
1252 3451 1253 3456 η

190 3467 260 3528 bilis
275 3467 446 3546 disciplinae
461 3471 604 3528 centrum
618 3467 809 3528 luminosum
822 3470 1001 3532 oonst'tuat.

228 3559 428 3639 Quapropter
446 3557 610 3638 disciplina
627 3576 689 3620 non
706 3560 849 3636 procedit
866 3581 904 3621 ex
920 3562 1047 3625 criterio
1069 3566 1128 3628 ab·
