2542 4122
359 315 413 400 ne
435 353 563 401 earnem
583 353 665 400 runis
689 353 843 402 aaronica
1020 341 1073 401 101

184 499 362 579 Aliquando
371 499 401 558 hi
413 500 530 578 gradus
542 499 890 579 supraepiscopalesvel
901 499 989 579 quasi
998 501 1078 579 epis-

145 594 271 672 copales
295 591 388 652 certis
417 592 545 654 sedibus
571 594 799 669 adnectuntur,
824 593 930 671 sicque
953 593 1079 652 cuidam

145 686 191 745 111
219 684 418 748 adhaerentes
438 685 594 746 habentur
616 691 768 765 tanquam
788 685 959 763 dignitates
979 685 1078 745 reales

146 796 216 858 quae
230 777 317 855 prius
328 776 548 855 concipiuntur
563 778 664 838 inesse
679 778 724 837 rei
742 782 773 838 et
786 797 845 856 per
854 795 921 838 rem
936 795 1077 856 personae

145 869 276 950 acquiri.
299 869 475 947 Aliquando
500 874 606 931 autem
625 870 805 950 hujusmodi
825 871 942 950 gradus
962 869 1079 930 directe

145 980 290 1042 personae
313 961 525 1038 conferuntur,
546 967 577 1022 et
595 963 665 1023 ideo
692 963 911 1041 concipiuntur
928 967 1079 1042 tanquam

145 1055 315 1134 dignitates
333 1072 419 1113 mere
438 1055 629 1131 personales,
654 1055 743 1117 Unde
760 1056 841 1115 hanc
859 1055 1080 1116 tractationem

145 1147 290 1226 cogimur
313 1145 345 1204 iu
365 1146 443 1205 duas
462 1147 646 1224 partitiones
664 1147 814 1224 dividere,
830 1167 964 1226 quarum
977 1147 1080 1226 p1ima

145 1241 206 1302 erit
224 1240 263 1299 de
286 1237 490 1316 dignitatibus
510 1239 570 1300 illis
590 1259 668 1319 quas
687 1241 977 1319 supraepiscopales
1000 1239 1080 1300 dixi-

145 1351 228 1409 111111,
245 1331 344 1392 111111
359 1331 398 1390 de
412 1330 473 1391 illis
495 1349 565 1410 quaa
585 1332 674 1410 quasi
690 1333 895 1410 episcopales,
915 1333 1077 1410 utriusque

146 1429 215 1486 tum
230 1423 377 1500 realibus,
393 1426 460 1484 tum
472 1424 699 1502 personalibus
757 1438 759 1444 '

238 1597 273 1650 Dc
286 1597 418 1663 proditus
433 1598 480 1664 qui
497 1597 665 1651 vicariatum
682 1597 860 1664 1111111111
876 1603 985 1664 gerum.

294 1755 312 1794 l.
328 1754 356 1794 De
371 1751 509 1808 dignitatibus
524 1752 604 1795 ordinis
620 1753 813 1809 eupraepiecopelie
828 1752 931 1796 realibus.

187 1889 253 1950 Xll.
277 1885 316 1947 ut
334 1886 435 1964 primo
457 1886 496 1946 de
518 1885 722 1965 dignitatibus
742 1887 859 1947 ordinis
883 1887 1082 1967 11111111ρὶ111-

141 1982 262 2064 poliret
275 1981 313 2040 de
330 1979 389 2039 illis
401 1979 527 2059 quidem
537 1997 615 2059 quas
625 1978 716 2038 reales
726 1978 871 2055 diximus,
882 1997 952 2058 quea
968 1997 1080 2056 nempe

147 2074 338 2156 quibusdam
353 2072 582 2152 episcopalibus
594 2071 720 2132 sedibus
734 2071 897 2132 inhaerent.

187 2170 331 2246 Inspecta
352 2165 484 2245 simplici
512 2159 729 2226 distributione
756 2163 948 2240 dioeceseon,
973 2181 1081 2224 omnes

147 2260 285 2340 episcopi
300 2260 431 2320 fuissent
443 2259 595 2337 dignitate
611 2277 703 2336 pares
715 2257 797 2318 inter
810 2275 844 2318 sc
858 2277 865 2331 3
885 2275 976 2317 nemo
991 2255 1081 2316 alteri

146 2355 307 2434 subjectus
335 2353 464 2429 fuisset,
488 2356 604 2430 praeter
625 2351 806 2430 generalem
830 2351 914 2412 illam
942 2349 1081 2411 omnium

147 2447 376 2528 subjectionem
398 2447 526 2507 Summo
544 2445 686 2506 Pontifici
707 2444 760 2523 qui
782 2448 897 2522 praecst
914 2443 1079 2504 universis.

147 2541 210 2604 Sed
222 2541 290 2621 jam
305 2543 372 2600 tum
391 2539 431 2599 ab
446 2538 534 2599 initio
550 2538 750 2599 incommoda
764 2538 855 2598 nimis
870 2537 938 2599 visa
953 2541 1000 2598 111
1015 2537 1082 2596 haec

147 2633 309 2713 regiminis
332 2633 424 2709 ratio,
450 2650 512 2710 qua
532 2631 662 2691 deberet
676 2649 759 2690 unus
774 2632 923 2690 Summus
940 2629 1082 2689 Pontifex

147 2726 280 2806 gestioni
303 2725 499 2804 singulorum
524 2724 743 2802 episcoporum
766 2740 824 2800 per
841 2741 873 2782 se
896 2721 1079 2800 advigilare.

187 2818 309 2880 Institui
320 2837 395 2897 ergo
405 2820 570 2896 coeperunt
581 2815 880 2893 episcopiepiscopis
891 2815 1080 2894 superiores,

149 2913 201 2992 qui
217 2930 330 2990 nempe
346 2912 421 2971 dum
440 2929 477 2970 ex
496 2927 559 2970 una
573 2913 662 2986 parte
679 2909 807 2970 Summo
823 2913 927 2970 essent
941 2908 1083 2970 Pontifici

148 3005 290 3084 subjecti,
311 3025 349 3064 ex
363 3003 424 3064 alia
438 3021 596 3064 summum
610 3001 713 3079 ipsum
728 3001 944 3078 pontificatum
959 3003 1084 3063 inferio-

148 3099 234 3181 ribus
250 3097 404 3175 episcopis
420 3099 700 3174 repraesentarent,
718 3098 749 3154 et
766 3094 810 3156 ita
824 3096 920 3157 veluti
936 3096 1084 3156 interme-

148 3190 207 3252 diis
217 3191 351 3251 vinculis
362 3189 561 3268 pontificatus
572 3206 737 3266 supremus
751 3191 781 3248 et
796 3189 993 3268 episcopatus
1003 3188 1085 3246 inter

148 3302 181 3344 se
211 3283 435 3362 colligarentur
471 3286 501 3342 et
536 3281 568 3340 iu
598 3280 776 3343 obedientia
805 3278 921 3344 subditi
948 3280 1084 3340 contine-

149 3381 268 3438 rentur.

190 3471 242 3532 Sic
255 3474 287 3532 11
302 3471 334 3530 in
350 3469 461 3548 quavis
480 3467 625 3530 ordinata
638 3469 817 3547 republica,
833 3468 938 3545 plures
948 3467 1021 3525 sunt
1037 3464 1085 3525 in-

149 3563 293 3628 termedii
316 3562 534 3644 magistratuS,
551 3578 685 3642 quorum
700 3559 813 3637 singuli
833 3575 889 3636 pro
908 3557 1083 3622 ordincsuo
