2502 4130
370 427 409 474 oe
431 425 559 475 orreoro
580 423 663 475 roris
690 426 847 477 seronior.
1017 417 1072 481 291

476 601 643 648 tortuosos
664 605 785 650 remeo.

140 751 184 812 De
194 746 428 811 distinctionibus
448 746 525 807 inter
547 746 638 807 loires
651 748 767 808 ratione
779 749 900 829 jurium
909 749 968 830 ipsi
982 752 1078 812 statui

127 833 130 841 ’
406 839 437 900 in
451 840 598 900 communi
617 842 849 921 competentium.

180 1021 219 1080 ll.
241 981 459 1079 deueraliores
480 969 634 1074 laieorunr
649 1011 863 1076 distinctiones
883 1017 933 1078 vel
949 1035 987 1078 ex
1002 1016 1073 1098 jure

68 1185 75 1192 .
140 1111 275 1193 positivo
290 1107 408 1184 divino,
420 1106 470 1166 vel
482 1124 520 1166 ex
530 1105 602 1186 jure
611 1106 747 1168 naturali
758 1110 790 1168 et
802 1109 955 1188 gentium,
966 1110 1006 1171 ab
1016 1113 1076 1172 Eo-

140 1204 238 1268 elesia
247 1204 387 1280 recepto,
403 1198 454 1260 vel
465 1217 503 1259 ex
513 1197 585 1278 jure
595 1199 729 1277 positivo
742 1200 952 1264 eeclesiastico
967 1203 1075 1266 oriun-

139 1304 203 1362 tur.
220 1294 380 1359 Generalis
394 1292 548 1354 laieorum
561 1291 727 1371 distinctio,
737 1293 809 1374 jure
820 1295 953 1374 positivo
968 1297 1073 1359 divino

138 1393 279 1468 inducta,
296 1407 332 1450 ea
348 1389 396 1448 est
410 1404 480 1466 quae
499 1385 631 1448 resultat
651 1404 689 1446 ex
706 1387 895 1466 baptismate
916 1394 949 1452 et
960 1393 1074 1453 confir-

138 1485 290 1560 matione,
308 1477 511 1544 sacramentis
523 1477 626 1540 laioali
642 1481 854 1542 communioni
869 1485 1075 1562 oompetenti·

138 1581 211 1644 bue.
226 1574 397 1640 Perteotior
410 1575 457 1634 est
470 1574 570 1632 status
580 1573 837 1634 continuatorum
848 1593 943 1656 quam
957 1577 1074 1657 simpli-

138 1674 218 1736 niter
232 1669 475 1751 baptizatorum.
489 1666 660 1744 Propterea
674 1667 819 1746 quaedam
826 1667 911 1748 jura,
926 1670 1074 1750 quaedum

137 1765 244 1830 offioia
254 1757 647 1841 oompetunteoufirmatia
658 1778 791 1840 quorum
805 1761 988 1841 simpliciter
997 1764 1073 1844 bap·

137 1859 226 1924 tizeti
238 1875 302 1918 non
313 1857 387 1916 suut
400 1850 580 1933 participes.
595 1851 647 1913 Sio
667 1853 700 1914 in
715 1856 799 1916 statu
811 1855 893 1916 oivili
909 1856 1074 1938 distingui-

136 1972 211 2016 mus
221 1950 334 2013 milites
344 1945 518 2027 apeganis3
531 1945 576 2006 sio
586 1945 619 2004 in
629 1947 711 2007 stetu
723 1950 843 2008 naturae
853 1948 1073 2030 distinguimus

135 2049 224 2112 uiros
239 2045 278 2108 ab
293 2041 475 2118 infantibus,
499 2038 645 2102 fortiores
657 2042 690 2101 et
703 2039 896 2102 robustiores
909 2060 929 2102 a
943 2043 1073 2106 debilio-

140 2142 231 2206 ribus
246 2144 278 2202 et
290 2135 433 2198 infirmis.

181 2234 290 2298 Plures
309 2229 461 2292 resultant
483 2227 699 2290 distinotioues
712 2226 866 2290 laieorum
880 2248 919 2291 ex
932 2229 1005 2311 jure
1020 2249 1073 2293 ne·

135 2328 235 2395 turali
246 2330 278 2389 et
290 2323 442 2405 gentium,
460 2321 545 2401 quod
558 2320 699 2383 Eoolesia
712 2325 820 2402 utpote
833 2323 975 2387 divinum
986 2342 1074 2386 reee-

139 2425 203 2506 pit,
220 2422 284 2483 imo
306 2415 429 2479 mendis
452 2419 660 2496 expurgatum
685 2416 798 2494 quihus
822 2417 1074 2484 hominumvitis

139 2515 358 2594 eorruperont,
372 2510 405 2570 in
420 2509 515 2570 finem
528 2510 799 2588 supernaturalem
812 2512 1010 2574 restauravit.

181 2610 253 2687 sio,
273 2610 301 2668 1⁰
323 2605 396 2686 jure
408 2602 544 2664 naturali
569 2602 771 2682 distinguitur
791 2622 894 2681 saxee,
915 2604 1072 2685 siquidem

138 2704 220 2768 alter
236 2704 284 2763 est
297 2699 447 2774 virorum,
463 2695 542 2756 alter
560 2694 749 2756 feminarum
762 2698 871 2756 status.
885 2696 973 2758 Siout
987 2701 1073 2760 uter-

137 2816 201 2879 que
211 2813 304 2858 sexus
318 2812 338 2854 a
344 2789 466 2872 justitia
478 2788 648 2865 exciderat,
658 2789 702 2850 ita
713 2791 846 2868 uterque
855 2790 1072 2871 redemptione

136 2889 253 2955 Christi
273 2890 321 2950 est
342 2886 517 2963 reparatus
535 2884 673 2960 Uterque
695 2881 827 2961 proinde
852 2882 884 2942 in
899 2885 1072 2948 Eoolesiam

136 2983 325 3058 admittitur,
343 2978 399 3040 sed
422 2977 466 3038 ita
485 2980 520 3037 ut
534 2975 684 3038 naturalis
705 2975 907 3054 superioritas
926 2978 984 3040 viri
1005 2999 1072 3042 ser-

135 3082 241 3155 vetur,
267 3073 422 3155 siquidem
445 3071 494 3131 vir
513 3073 608 3148 eaput
628 3069 768 3130 mulieris
789 3075 846 3149 est,
873 3089 936 3132 non
957 3072 1071 3133 mulier

135 3175 234 3251 eaput
259 3169 329 3232 viri.
359 3168 462 3238 Quare
484 3163 549 3224 sive
570 3162 640 3240 viri,
668 3163 733 3224 sive
760 3163 884 3226 feminae
908 3165 1070 3245 aequirere

134 3266 270 3346 possunt
291 3260 435 3322 leioalem
463 3255 675 3318 conditionem
698 3256 730 3316 iu
749 3258 906 3332 lloolesia;
935 3258 990 3318 sod
1011 3257 1070 3318 viri

134 3361 248 3438 optare
271 3355 402 3434 possunt
423 3350 616 3426 elei-ioelum,
639 3368 734 3428 quem
747 3368 811 3412 non
827 3350 962 3411 feminae.
980 3349 1070 3413 Unde

134 3450 381 3514 christianorum
408 3445 550 3506 virorum
579 3446 689 3521 status,
727 3461 834 3505 eoram
859 3443 1069 3506 eeclesiastico

101 3593 102 3596 ,
129 3545 217 3632 jure,
230 3541 366 3604 femineo
379 3538 483 3601 laioali
493 3540 576 3600 stetu
586 3537 754 3614 perfeetior
768 3540 825 3600 est.

171 3641 209 3706 :2⁰
230 3635 339 3700 Plures
353 3628 654 3714 *distinotionesjure
677 3633 798 3700 natura
825 3630 961 3698 induotae
983 3635 1066 3722 eunt,
1124 3686 1133 3703 ,
