2542 4122
176 291 235 354 220
383 299 611 351 rusr'rrurtorss
632 298 715 350 sums
737 299 892 351 ennomus.

173 449 424 531 jurisdictionem
438 447 592 528 episcopis
609 448 814 527 superiorem.
833 448 895 510 Sed
908 448 1114 530 intelligimus

177 544 237 604 hoo
270 542 396 605 nomine
434 541 611 620 simplicem
638 542 775 620 gradum
802 541 999 603 auctoritatis
1027 544 1115 622 quasi

178 636 374 716 episcopalis.

218 729 369 790 Dicuntur
383 729 444 788 hoc
456 746 549 788 sensu
561 727 669 788 vicarii
680 727 836 807 apostolici
845 726 902 788 viri
912 728 1114 790 ecclesiastici

59 821 63 829 '
179 822 231 902 qui
247 823 431 900 plerumque
451 819 618 898 episcopali
641 819 750 881 ordine
765 819 915 898 insigniti,
934 838 953 880 a
973 822 1115 882 Romano

179 913 329 978 Bontitice
342 913 382 972 ad
395 913 533 992 aliquam
548 913 713 973 ecclesiam
727 912 777 972 vel
792 911 1046 994 constituendam
1066 915 1115 974 uel

179 1005 380 1067 constitutam
392 1005 568 1082 mittuntur,
596 1009 631 1083 ut
645 1004 771 1066 interim
783 1004 872 1082 quasi
889 1005 1030 1084 episcopi
1046 1025 1115 1066 eam

179 1102 300 1178 regant.
318 1097 438 1176 Duplex
451 1101 508 1174 est,
524 1102 559 1158 ut
574 1117 612 1158 ex
627 1097 718 1159 dictis
731 1100 827 1176 patet,
853 1097 968 1158 horum
982 1099 1117 1160 vicario-

179 1210 250 1252 rum
262 1190 382 1269 species
393 1209 449 1268 pro
457 1190 527 1252 looo
541 1190 711 1252 vicariatus
726 1208 821 1269 quem
835 1189 1021 1251 sortiuntur.
1036 1194 1116 1252 Non·

179 1283 255 1344 nulli
277 1282 360 1342 enim
381 1283 547 1344 mittuntur
561 1283 601 1343 ad
616 1284 686 1344 loca
699 1281 874 1342 infidelium
893 1282 946 1342 uhi
963 1283 1116 1344 dioeceses

178 1375 320 1436 nondum
341 1374 495 1436 distinctae
510 1374 677 1451 habentur,
703 1392 762 1434 neo
780 1373 923 1435 instituta
937 1374 1117 1438 hierarchia

175 1467 402 1548 jurisdictionis
410 1467 637 1528 ecclesiasticae.
650 1469 822 1545 Propterea
833 1467 1001 1528 mittuntur
1013 1470 1116 1546 potius

179 1561 220 1621 ad
246 1560 497 1622 constituendam
534 1559 698 1621 ecclesiam
728 1577 823 1640 quam
851 1558 892 1620 ad
925 1561 1115 1638 gubernium

178 1653 261 1714 illius
274 1671 343 1732 quae
355 1653 423 1733 jam
438 1652 606 1714 constituta
625 1657 681 1714 est.

219 1745 278 1806 Alii
294 1763 369 1806 vero
384 1744 550 1806 mittuntur
571 1745 612 1805 ad
626 1745 765 1824 aliquam
779 1745 945 1806 ecclesiam
961 1765 1034 1826 quae
1049 1747 1062 1828 j

181 1841 286 1900 erecta
301 1841 347 1898 est
369 1837 402 1896 in
415 1836 576 1898 dioecesim
593 1838 643 1899 vel
656 1837 827 1914 abhatiam,
843 1837 899 1898 sed
916 1857 973 1898 suo
986 1839 1115 1901 viduatu

181 1935 228 1992 est
242 1933 378 2010 pastore,
401 1930 452 1991 vel
474 1930 561 2008 quasi
585 1930 724 2007 viduata,
745 1929 900 2010 siquidem
915 1930 1006 1991 illum
1021 1933 1115 1994 hahet

181 2025 363 2104 episcopum
385 2023 438 2103 qui
459 2023 509 2084 vel
529 2023 569 2084 ob
590 2022 818 2102 impotentiam,
843 2023 894 2083 vel
919 2024 960 2084 ob
976 2025 1111 2103 culpam,

180 2119 231 2179 vel
244 2119 284 2179 ad
299 2122 423 2196 tempus
437 2116 488 2176 vel
503 2119 654 2194 perpetuo
669 2120 808 2179 remotus
822 2120 869 2177 est
883 2135 903 2176 a
917 2135 984 2178 suae
999 2118 1114 2179 dioece-

181 2229 251 2272 seos
286 2208 570 2281 administratione3
609 2208 662 2287 qui
690 2213 860 2287 propterea
886 2209 995 2270 stricto
1023 2229 1113 2272 sensu

180 2302 432 2363 administratores
441 2299 594 2382 apostolici
599 2301 705 2362 vocari
715 2301 826 2362 solent.
840 2302 891 2364 Sic
906 2302 1113 2364 determinata

181 2393 318 2470 notione,
340 2385 482 2473 datisque
503 2393 666 2472 speciebus
690 2393 784 2474 hujus
808 2395 928 2473 gradus
943 2397 1113 2458 auctorita-

181 2485 230 2564 tis,
243 2485 349 2566 aliqua
359 2485 524 2547 statuenda
535 2489 608 2548 sunt
617 2485 772 2565 principia
782 2486 823 2548 ad
833 2487 1016 2568 hujusmodi
1021 2488 1112 2569 juris·

182 2579 350 2642 dictionem
366 2578 648 2641 determinandam.

221 2674 315 2735 XXV.
334 2676 364 2734 1⁰
381 2675 500 2734 Horum
514 2672 608 2733 etiam
619 2669 794 2752 jurisdictio
806 2671 952 2753 delegata
964 2680 1023 2738 est.
1035 2679 1114 2738 Sunt

182 2764 266 2824 enim
278 2765 404 2840 vicarii;
421 2783 484 2826 non
499 2769 604 2826 autem
616 2763 724 2826 vicarii
738 2765 875 2844 episcopi
887 2767 995 2830 stricto
1008 2785 1111 2846 sensu,

182 2857 237 2918 sed
262 2857 370 2918 vicarii
397 2857 528 2918 Romani
555 2857 723 2918 Pontificis.
750 2859 819 2918 Non
843 2858 951 2920 vicarii
976 2861 1113 2940 episcopi

182 2950 288 3013 stricto
311 2969 403 3011 sensu
420 2971 426 3012 :
445 2969 518 3010 nam
543 2951 606 3012 lato
632 2948 759 3029 quidem
785 2969 879 3012 sensu
901 2943 985 3014 illius
1006 2953 1113 3014 vicarii

182 3044 243 3107 dici
266 3048 406 3124 possunt,
433 3043 522 3124 cujus
545 3043 629 3105 vices
651 3036 775 3121 gerunt,
789 3043 841 3122 qui
857 3063 970 3124 nempe
985 3047 1037 3108 vel
1051 3063 1113 3106 nou

183 3139 327 3215 habetur,
339 3137 389 3198 vel
401 3136 504 3216 potius
517 3154 580 3196 non
593 3140 640 3197 est
652 3135 907 3198 administranda
918 3155 984 3198 suae
997 3138 1114 3199 dioece·

182 3251 252 3294 scos
266 3249 382 3310 capax3
401 3249 463 3293 non
484 3233 591 3290 autem
602 3229 709 3290 stricto
725 3247 837 3306 sensu,
856 3235 1011 3309 quatenus
1032 3231 1114 3291 illius

183 3325 309 3384 nomine
324 3323 461 3402 episcopi
480 3325 632 3401 tanquam
652 3321 831 3383 mandantis
846 3322 899 3402 jus
913 3323 1038 3398 dicant,
1060 3320 1116 3382 sed

183 3415 308 3478 nomine
316 3415 448 3478 Romani
457 3413 615 3476 Pontificis
623 3413 712 3495 cujus
720 3419 793 3476 sunt
801 3413 981 3477 immediate
992 3413 1113 3477 vicarii.

225 3507 292 3583 Qua
307 3509 345 3567 de
358 3527 453 3569 causa
469 3507 704 3588 distinguuntur
724 3508 764 3567 ab
777 3508 918 3588 epr'scopis
934 3507 1118 3590 occupatori-
