<?xml version="1.0" encoding="UTF-8"?>
<!DOCTYPE html PUBLIC "-//W3C//DTD XHTML 1.0 Transitional//EN"
    "http://www.w3.org/TR/xhtml1/DTD/xhtml1-transitional.dtd">
<html xmlns="http://www.w3.org/1999/xhtml" xml:lang="en" lang="en">
 <head>
  <title>
</title>
<meta http-equiv="Content-Type" content="text/html;charset=utf-8" />
  <meta name='ocr-system' content='tesseract 3.04.00' />
  <meta name='ocr-capabilities' content='ocr_page ocr_carea ocr_par ocr_line ocrx_word'/>
</head>
<body>
  <div class='ocr_page' id='page_1' title='image "./institutionesju03marigoog_0349.png"; bbox 0 0 2502 4130; ppageno 0'>
   <div class='ocr_carea' id='block_1_1' title="bbox 358 341 1050 404">
    <p class='ocr_par' dir='ltr' id='par_1_1' title="bbox 358 341 1050 404">
     <span class='ocr_line' id='line_1_1' title="bbox 358 341 1050 404; baseline 0.003 -2"><span class='ocrx_word' id='word_1_1' title='bbox 358 357 397 402; x_wconf 84' lang='lat' dir='ltr'><strong>nn</strong></span> <span class='ocrx_word' id='word_1_2' title='bbox 418 353 546 404; x_wconf 74' lang='lat' dir='ltr'><strong>obsecro</strong></span> <span class='ocrx_word' id='word_1_3' title='bbox 566 353 649 402; x_wconf 77' lang='lat' dir='ltr'><strong>ruris</strong></span> <span class='ocrx_word' id='word_1_4' title='bbox 668 351 824 402; x_wconf 75' lang='lat' dir='ltr'><strong>amorrei.</strong></span> <span class='ocrx_word' id='word_1_5' title='bbox 995 341 1050 404; x_wconf 76' lang='lat' dir='ltr'><strong>tlt</strong></span> 
     </span>
    </p>
   </div>
   <div class='ocr_carea' id='block_1_2' title="bbox 116 499 1055 954">
    <p class='ocr_par' dir='ltr' id='par_1_2' title="bbox 116 499 1055 954">
     <span class='ocr_line' id='line_1_2' title="bbox 118 499 1055 581; baseline -0.001 -16"><span class='ocrx_word' id='word_1_6' title='bbox 118 501 330 579; x_wconf 77' lang='lat' dir='ltr'><strong>restrictione,</strong></span> <span class='ocrx_word' id='word_1_7' title='bbox 339 505 384 579; x_wconf 89' lang='lat' dir='ltr'><strong>ut,</strong></span> <span class='ocrx_word' id='word_1_8' title='bbox 395 520 426 564; x_wconf 85' lang='lat' dir='ltr'><strong>v.</strong></span> <span class='ocrx_word' id='word_1_9' title='bbox 443 499 672 581; x_wconf 89' lang='lat' dir='ltr'><strong>g.,spondeant</strong></span> <span class='ocrx_word' id='word_1_10' title='bbox 685 499 907 578; x_wconf 81' lang='lat' dir='ltr'><strong>obedientiam,</strong></span> <span class='ocrx_word' id='word_1_11' title='bbox 919 519 1055 580; x_wconf 90' lang='lat' dir='ltr'><strong>pauper·</strong></span> 
     </span>
     <span class='ocr_line' id='line_1_3' title="bbox 118 593 1055 674; baseline -0.002 -16"><span class='ocrx_word' id='word_1_12' title='bbox 118 599 235 672; x_wconf 87' lang='lat' dir='ltr'><strong>tatem,</strong></span> <span class='ocrx_word' id='word_1_13' title='bbox 259 594 315 656; x_wconf 89' lang='lat' dir='ltr'><strong>sed</strong></span> <span class='ocrx_word' id='word_1_14' title='bbox 338 595 397 656; x_wconf 92' lang='lat' dir='ltr'><strong>sub</strong></span> <span class='ocrx_word' id='word_1_15' title='bbox 421 594 496 656; x_wconf 87' lang='lat' dir='ltr'><strong>data</strong></span> <span class='ocrx_word' id='word_1_16' title='bbox 519 593 657 674; x_wconf 88' lang='lat' dir='ltr'><strong>quadam</strong></span> <span class='ocrx_word' id='word_1_17' title='bbox 685 593 880 656; x_wconf 70' lang='lat' dir='ltr'><strong>limitatione.</strong></span> <span class='ocrx_word' id='word_1_18' title='bbox 911 595 976 656; x_wconf 94' lang='lat' dir='ltr'><strong>lmo</strong></span> <span class='ocrx_word' id='word_1_19' title='bbox 1000 595 1055 656; x_wconf 87' lang='lat' dir='ltr'><strong>ali·</strong></span> 
     </span>
     <span class='ocr_line' id='line_1_4' title="bbox 119 686 1055 770; baseline -0.002 -19"><span class='ocrx_word' id='word_1_20' title='bbox 119 689 248 770; x_wconf 89' lang='lat' dir='ltr'><strong>quando</strong></span> <span class='ocrx_word' id='word_1_21' title='bbox 261 707 320 750; x_wconf 88' lang='lat' dir='ltr'><strong>nec</strong></span> <span class='ocrx_word' id='word_1_22' title='bbox 334 689 517 749; x_wconf 88' lang='lat' dir='ltr'><strong>emittuntur</strong></span> <span class='ocrx_word' id='word_1_23' title='bbox 525 687 587 748; x_wconf 93' lang='lat' dir='ltr'><strong>tria</strong></span> <span class='ocrx_word' id='word_1_24' title='bbox 598 691 672 749; x_wconf 87' lang='lat' dir='ltr'><strong>vota</strong></span> <span class='ocrx_word' id='word_1_25' title='bbox 686 686 850 765; x_wconf 90' lang='lat' dir='ltr'><strong>simplicia,</strong></span> <span class='ocrx_word' id='word_1_26' title='bbox 859 687 916 749; x_wconf 90' lang='lat' dir='ltr'><strong>sed</strong></span> <span class='ocrx_word' id='word_1_27' title='bbox 923 688 1055 766; x_wconf 86' lang='lat' dir='ltr'><strong>simplex</strong></span> 
     </span>
     <span class='ocr_line' id='line_1_5' title="bbox 118 780 1055 861; baseline -0.002 -17"><span class='ocrx_word' id='word_1_28' title='bbox 118 785 231 844; x_wconf 88' lang='lat' dir='ltr'><strong>votnm</strong></span> <span class='ocrx_word' id='word_1_29' title='bbox 252 781 505 861; x_wconf 85' lang='lat' dir='ltr'><strong>perseverantiae,</strong></span> <span class='ocrx_word' id='word_1_30' title='bbox 529 781 562 840; x_wconf 91' lang='lat' dir='ltr'><strong>id</strong></span> <span class='ocrx_word' id='word_1_31' title='bbox 583 785 648 857; x_wconf 91' lang='lat' dir='ltr'><strong>est,</strong></span> <span class='ocrx_word' id='word_1_32' title='bbox 668 798 730 841; x_wconf 93' lang='lat' dir='ltr'><strong>non</strong></span> <span class='ocrx_word' id='word_1_33' title='bbox 745 780 909 842; x_wconf 90' lang='lat' dir='ltr'><strong>deserendi</strong></span> <span class='ocrx_word' id='word_1_34' title='bbox 933 781 1055 842; x_wconf 90' lang='lat' dir='ltr'><strong>iustitu-</strong></span> 
     </span>
     <span class='ocr_line' id='line_1_6' title="bbox 116 867 1054 954; baseline -0.002 -16"><span class='ocrx_word' id='word_1_35' title='bbox 116 879 199 953; x_wconf 86' lang='lat' dir='ltr'><strong>tum,</strong></span> <span class='ocrx_word' id='word_1_36' title='bbox 215 875 274 935; x_wconf 88' lang='lat' dir='ltr'><strong>nisi</strong></span> <span class='ocrx_word' id='word_1_37' title='bbox 285 874 325 934; x_wconf 91' lang='lat' dir='ltr'><strong>ab</strong></span> <span class='ocrx_word' id='word_1_38' title='bbox 335 873 474 936; x_wconf 89' lang='lat' dir='ltr'><strong>instituto</strong></span> <span class='ocrx_word' id='word_1_39' title='bbox 483 867 775 946; x_wconf 69' lang='lat' dir='ltr'><strong>dimittantur3&#39;imo</strong></span> <span class='ocrx_word' id='word_1_40' title='bbox 788 874 957 954; x_wconf 87' lang='lat' dir='ltr'><strong>aliquando</strong></span> <span class='ocrx_word' id='word_1_41' title='bbox 972 874 1054 936; x_wconf 83' lang='lat' dir='ltr'><strong>hanc</strong></span> 
     </span>
    </p>
   </div>
   <div class='ocr_carea' id='block_1_3' title="bbox 115 967 1081 3636">
    <p class='ocr_par' dir='ltr' id='par_1_3' title="bbox 115 967 1055 1326">
     <span class='ocr_line' id='line_1_7' title="bbox 117 967 1054 1049; baseline -0.001 -19"><span class='ocrx_word' id='word_1_42' title='bbox 117 967 388 1049; x_wconf 84' lang='lat' dir='ltr'><strong>perseverantiam</strong></span> <span class='ocrx_word' id='word_1_43' title='bbox 401 986 464 1028; x_wconf 90' lang='lat' dir='ltr'><strong>non</strong></span> <span class='ocrx_word' id='word_1_44' title='bbox 477 967 517 1028; x_wconf 91' lang='lat' dir='ltr'><strong>ad</strong></span> <span class='ocrx_word' id='word_1_45' title='bbox 529 971 727 1046; x_wconf 89' lang='lat' dir='ltr'><strong>perpetuum,</strong></span> <span class='ocrx_word' id='word_1_46' title='bbox 743 967 798 1028; x_wconf 91' lang='lat' dir='ltr'><strong>sed</strong></span> <span class='ocrx_word' id='word_1_47' title='bbox 814 968 854 1028; x_wconf 85' lang='lat' dir='ltr'><strong>ed</strong></span> <span class='ocrx_word' id='word_1_48' title='bbox 865 972 989 1046; x_wconf 86' lang='lat' dir='ltr'><strong>tempus</strong></span> <span class='ocrx_word' id='word_1_49' title='bbox 1001 967 1054 1029; x_wconf 88' lang='lat' dir='ltr'><strong>de·</strong></span> 
     </span>
     <span class='ocr_line' id='line_1_8' title="bbox 115 1049 1051 1140; baseline -0.003 -16"><span class='ocrx_word' id='word_1_50' title='bbox 115 1049 340 1133; x_wconf 67' lang='lat' dir='ltr'><strong>terminatum</strong></span> <span class='ocrx_word' id='word_1_51' title='bbox 365 1060 534 1140; x_wconf 90' lang='lat' dir='ltr'><strong>aliquando</strong></span> <span class='ocrx_word' id='word_1_52' title='bbox 551 1079 626 1122; x_wconf 90' lang='lat' dir='ltr'><strong>vero</strong></span> <span class='ocrx_word' id='word_1_53' title='bbox 648 1059 767 1120; x_wconf 92' lang='lat' dir='ltr'><strong>nullum</strong></span> <span class='ocrx_word' id='word_1_54' title='bbox 783 1061 910 1122; x_wconf 92' lang='lat' dir='ltr'><strong>omnino</strong></span> <span class='ocrx_word' id='word_1_55' title='bbox 931 1064 1051 1136; x_wconf 88' lang='lat' dir='ltr'><strong>votum,</strong></span> 
     </span>
     <span class='ocr_line' id='line_1_9' title="bbox 116 1153 1055 1235; baseline -0.002 -19"><span class='ocrx_word' id='word_1_56' title='bbox 116 1161 215 1235; x_wconf 89' lang='lat' dir='ltr'><strong>prout</strong></span> <span class='ocrx_word' id='word_1_57' title='bbox 226 1153 340 1215; x_wconf 89' lang='lat' dir='ltr'><strong>accidit</strong></span> <span class='ocrx_word' id='word_1_58' title='bbox 352 1153 385 1214; x_wconf 93' lang='lat' dir='ltr'><strong>in</strong></span> <span class='ocrx_word' id='word_1_59' title='bbox 400 1153 642 1233; x_wconf 82' lang='lat' dir='ltr'><strong>congregatione</strong></span> <span class='ocrx_word' id='word_1_60' title='bbox 657 1153 803 1231; x_wconf 88' lang='lat' dir='ltr'><strong>Oratorii,</strong></span> <span class='ocrx_word' id='word_1_61' title='bbox 819 1154 874 1214; x_wconf 93' lang='lat' dir='ltr'><strong>ubi</strong></span> <span class='ocrx_word' id='word_1_62' title='bbox 886 1154 1055 1215; x_wconf 86' lang='lat' dir='ltr'><strong>conviven-</strong></span> 
     </span>
     <span class='ocr_line' id='line_1_10' title="bbox 119 1246 946 1326; baseline -0.002 -17"><span class='ocrx_word' id='word_1_63' title='bbox 119 1255 167 1309; x_wconf 85' lang='lat' dir='ltr'><strong>tes</strong></span> <span class='ocrx_word' id='word_1_64' title='bbox 180 1251 252 1309; x_wconf 90' lang='lat' dir='ltr'><strong>suut</strong></span> <span class='ocrx_word' id='word_1_65' title='bbox 265 1246 368 1326; x_wconf 88' lang='lat' dir='ltr'><strong>potius</strong></span> <span class='ocrx_word' id='word_1_66' title='bbox 383 1246 486 1308; x_wconf 92' lang='lat' dir='ltr'><strong>clerici</strong></span> <span class='ocrx_word' id='word_1_67' title='bbox 497 1247 654 1307; x_wconf 84' lang='lat' dir='ltr'><strong>seculares</strong></span> <span class='ocrx_word' id='word_1_68' title='bbox 665 1265 760 1326; x_wconf 90' lang='lat' dir='ltr'><strong>quam</strong></span> <span class='ocrx_word' id='word_1_69' title='bbox 775 1247 946 1326; x_wconf 81' lang='lat' dir='ltr'><strong>regulares.</strong></span> 
     </span>
    </p>

    <p class='ocr_par' dir='ltr' id='par_1_4' title="bbox 116 1337 1056 2428">
     <span class='ocr_line' id='line_1_11' title="bbox 161 1337 1053 1420; baseline -0.002 -19"><span class='ocrx_word' id='word_1_70' title='bbox 161 1340 272 1413; x_wconf 76' lang='lat' dir='ltr'><strong>Quoad</strong></span> <span class='ocrx_word' id='word_1_71' title='bbox 299 1343 537 1419; x_wconf 79' lang='lat' dir='ltr'><strong>paupertatem,</strong></span> <span class='ocrx_word' id='word_1_72' title='bbox 572 1357 635 1400; x_wconf 92' lang='lat' dir='ltr'><strong>nou</strong></span> <span class='ocrx_word' id='word_1_73' title='bbox 667 1339 769 1400; x_wconf 89' lang='lat' dir='ltr'><strong>solum</strong></span> <span class='ocrx_word' id='word_1_74' title='bbox 796 1337 976 1420; x_wconf 86' lang='lat' dir='ltr'><strong>hujusmodi</strong></span> <span class='ocrx_word' id='word_1_75' title='bbox 1007 1358 1053 1399; x_wconf 88' lang='lat' dir='ltr'><strong>re·</strong></span> 
     </span>
     <span class='ocr_line' id='line_1_12' title="bbox 117 1433 1054 1512; baseline -0.004 -16"><span class='ocrx_word' id='word_1_76' title='bbox 117 1434 260 1496; x_wconf 87' lang='lat' dir='ltr'><strong>centiora</strong></span> <span class='ocrx_word' id='word_1_77' title='bbox 279 1433 419 1494; x_wconf 85' lang='lat' dir='ltr'><strong>instituta</strong></span> <span class='ocrx_word' id='word_1_78' title='bbox 434 1433 576 1512; x_wconf 82' lang='lat' dir='ltr'><strong>professa</strong></span> <span class='ocrx_word' id='word_1_79' title='bbox 597 1451 660 1494; x_wconf 92' lang='lat' dir='ltr'><strong>non</strong></span> <span class='ocrx_word' id='word_1_80' title='bbox 680 1439 753 1494; x_wconf 89' lang='lat' dir='ltr'><strong>sunt</strong></span> <span class='ocrx_word' id='word_1_81' title='bbox 776 1435 995 1512; x_wconf 82' lang='lat' dir='ltr'><strong>paupertatem</strong></span> <span class='ocrx_word' id='word_1_82' title='bbox 1022 1433 1054 1493; x_wconf 91' lang='lat' dir='ltr'><strong>in</strong></span> 
     </span>
     <span class='ocr_line' id='line_1_13' title="bbox 118 1525 1054 1606; baseline -0.004 -16"><span class='ocrx_word' id='word_1_83' title='bbox 118 1525 515 1606; x_wconf 57' lang='lat' dir='ltr'><strong>communiiservandam,</strong></span> <span class='ocrx_word' id='word_1_84' title='bbox 545 1526 624 1586; x_wconf 89' lang='lat' dir='ltr'><strong>adeo</strong></span> <span class='ocrx_word' id='word_1_85' title='bbox 648 1530 683 1588; x_wconf 91' lang='lat' dir='ltr'><strong>ut</strong></span> <span class='ocrx_word' id='word_1_86' title='bbox 703 1545 742 1586; x_wconf 88' lang='lat' dir='ltr'><strong>ex</strong></span> <span class='ocrx_word' id='word_1_87' title='bbox 772 1526 951 1588; x_wconf 88' lang='lat' dir='ltr'><strong>mendicata</strong></span> <span class='ocrx_word' id='word_1_88' title='bbox 974 1525 1054 1604; x_wconf 88' lang='lat' dir='ltr'><strong>stipe</strong></span> 
     </span>
     <span class='ocr_line' id='line_1_14' title="bbox 118 1618 1055 1699; baseline -0.005 -17"><span class='ocrx_word' id='word_1_89' title='bbox 118 1622 290 1696; x_wconf 83' lang='lat' dir='ltr'><strong>alerentur,</strong></span> <span class='ocrx_word' id='word_1_90' title='bbox 306 1619 362 1680; x_wconf 91' lang='lat' dir='ltr'><strong>sed</strong></span> <span class='ocrx_word' id='word_1_91' title='bbox 375 1623 406 1680; x_wconf 92' lang='lat' dir='ltr'><strong>et</strong></span> <span class='ocrx_word' id='word_1_92' title='bbox 419 1619 488 1697; x_wconf 88' lang='lat' dir='ltr'><strong>ipsa</strong></span> <span class='ocrx_word' id='word_1_93' title='bbox 501 1618 642 1681; x_wconf 89' lang='lat' dir='ltr'><strong>instituta</strong></span> <span class='ocrx_word' id='word_1_94' title='bbox 656 1619 802 1699; x_wconf 89' lang='lat' dir='ltr'><strong>religiosa</strong></span> <span class='ocrx_word' id='word_1_95' title='bbox 817 1637 887 1699; x_wconf 84' lang='lat' dir='ltr'><strong>quae</strong></span> <span class='ocrx_word' id='word_1_96' title='bbox 903 1621 1055 1699; x_wconf 86' lang='lat' dir='ltr'><strong>tauquam</strong></span> 
     </span>
     <span class='ocr_line' id='line_1_15' title="bbox 117 1711 1056 1792; baseline -0.004 -17"><span class='ocrx_word' id='word_1_97' title='bbox 117 1711 1056 1792; x_wconf 82' lang='lat' dir='ltr'><strong>mendicantisfueruntapprobataperiodoantecedenti,per</strong></span> 
     </span>
     <span class='ocr_line' id='line_1_16' title="bbox 118 1804 1055 1885; baseline -0.003 -17"><span class='ocrx_word' id='word_1_98' title='bbox 118 1809 203 1868; x_wconf 88' lang='lat' dir='ltr'><strong>hanc</strong></span> <span class='ocrx_word' id='word_1_99' title='bbox 221 1805 386 1885; x_wconf 90' lang='lat' dir='ltr'><strong>periodum</strong></span> <span class='ocrx_word' id='word_1_100' title='bbox 404 1805 637 1866; x_wconf 81' lang='lat' dir='ltr'><strong>mendicantem</strong></span> <span class='ocrx_word' id='word_1_101' title='bbox 663 1806 761 1866; x_wconf 86' lang='lat' dir='ltr'><strong>vitam</strong></span> <span class='ocrx_word' id='word_1_102' title='bbox 780 1805 937 1880; x_wconf 90' lang='lat' dir='ltr'><strong>dimisere,</strong></span> <span class='ocrx_word' id='word_1_103' title='bbox 961 1804 1055 1884; x_wconf 91' lang='lat' dir='ltr'><strong>siqui-</strong></span> 
     </span>
     <span class='ocr_line' id='line_1_17' title="bbox 116 1897 1055 1977; baseline -0.003 -15"><span class='ocrx_word' id='word_1_104' title='bbox 116 1901 203 1977; x_wconf 91' lang='lat' dir='ltr'><strong>dem,</strong></span> <span class='ocrx_word' id='word_1_105' title='bbox 218 1899 263 1960; x_wconf 90' lang='lat' dir='ltr'><strong>sic</strong></span> <span class='ocrx_word' id='word_1_106' title='bbox 284 1897 469 1976; x_wconf 89' lang='lat' dir='ltr'><strong>disponente</strong></span> <span class='ocrx_word' id='word_1_107' title='bbox 485 1899 616 1960; x_wconf 90' lang='lat' dir='ltr'><strong>concilio</strong></span> <span class='ocrx_word' id='word_1_108' title='bbox 633 1897 827 1974; x_wconf 79' lang='lat' dir='ltr'><strong>Tridentino,</strong></span> <span class='ocrx_word' id='word_1_109' title='bbox 844 1916 920 1958; x_wconf 91' lang='lat' dir='ltr'><strong>sess.</strong></span> <span class='ocrx_word' id='word_1_110' title='bbox 941 1902 991 1974; x_wconf 76' lang='lat'><strong>25,</strong></span> <span class='ocrx_word' id='word_1_111' title='bbox 1015 1898 1055 1959; x_wconf 88' lang='lat' dir='ltr'><strong>de</strong></span> 
     </span>
     <span class='ocr_line' id='line_1_18' title="bbox 117 1989 1054 2071; baseline -0.004 -15"><span class='ocrx_word' id='word_1_112' title='bbox 117 1993 203 2069; x_wconf 76' lang='lat' dir='ltr'><strong>nel,</strong></span> <span class='ocrx_word' id='word_1_113' title='bbox 218 2010 286 2071; x_wconf 90' lang='lat' dir='ltr'><strong>cap.</strong></span> <span class='ocrx_word' id='word_1_114' title='bbox 301 1993 344 2069; x_wconf 85' lang='lat'><strong>3⁰,</strong></span> <span class='ocrx_word' id='word_1_115' title='bbox 360 1992 504 2053; x_wconf 92' lang='lat' dir='ltr'><strong>omnibus</strong></span> <span class='ocrx_word' id='word_1_116' title='bbox 516 1991 668 2070; x_wconf 85' lang='lat' dir='ltr'><strong>religiosis</strong></span> <span class='ocrx_word' id='word_1_117' title='bbox 679 1990 826 2052; x_wconf 91' lang='lat' dir='ltr'><strong>institutis</strong></span> <span class='ocrx_word' id='word_1_118' title='bbox 834 1989 961 2052; x_wconf 86' lang='lat' dir='ltr'><strong>licuitin</strong></span> <span class='ocrx_word' id='word_1_119' title='bbox 971 2009 1054 2052; x_wconf 90' lang='lat' dir='ltr'><strong>eom-</strong></span> 
     </span>
     <span class='ocr_line' id='line_1_19' title="bbox 118 2083 1054 2166; baseline -0.004 -18"><span class='ocrx_word' id='word_1_120' title='bbox 118 2087 211 2148; x_wconf 93' lang='lat' dir='ltr'><strong>muni</strong></span> <span class='ocrx_word' id='word_1_121' title='bbox 219 2085 389 2166; x_wconf 90' lang='lat' dir='ltr'><strong>possidere,</strong></span> <span class='ocrx_word' id='word_1_122' title='bbox 401 2084 537 2164; x_wconf 85' lang='lat' dir='ltr'><strong>exceptis</strong></span> <span class='ocrx_word' id='word_1_123' title='bbox 548 2088 654 2146; x_wconf 88' lang='lat' dir='ltr'><strong>tamen</strong></span> <span class='ocrx_word' id='word_1_124' title='bbox 665 2083 789 2145; x_wconf 85' lang='lat' dir='ltr'><strong>familiis</strong></span> <span class='ocrx_word' id='word_1_125' title='bbox 801 2084 1054 2162; x_wconf 89' lang='lat' dir='ltr'><strong>Gappucinorum</strong></span> 
     </span>
     <span class='ocr_line' id='line_1_20' title="bbox 120 2175 1053 2257; baseline -0.004 -15"><span class='ocrx_word' id='word_1_126' title='bbox 120 2184 155 2242; x_wconf 88' lang='lat' dir='ltr'><strong>et</strong></span> <span class='ocrx_word' id='word_1_127' title='bbox 172 2178 328 2240; x_wconf 84' lang='lat' dir='ltr'><strong>Minorem</strong></span> <span class='ocrx_word' id='word_1_128' title='bbox 342 2177 381 2238; x_wconf 90' lang='lat' dir='ltr'><strong>de</strong></span> <span class='ocrx_word' id='word_1_129' title='bbox 392 2177 724 2257; x_wconf 88' lang='lat' dir='ltr'><strong>observantia,quibus</strong></span> <span class='ocrx_word' id='word_1_130' title='bbox 735 2175 893 2252; x_wconf 89' lang='lat' dir='ltr'><strong>institutis,</strong></span> <span class='ocrx_word' id='word_1_131' title='bbox 903 2177 1053 2238; x_wconf 88' lang='lat' dir='ltr'><strong>recentio-</strong></span> 
     </span>
     <span class='ocr_line' id='line_1_21' title="bbox 119 2268 1055 2348; baseline -0.006 -12"><span class='ocrx_word' id='word_1_132' title='bbox 119 2273 210 2336; x_wconf 88' lang='lat' dir='ltr'><strong>ribus</strong></span> <span class='ocrx_word' id='word_1_133' title='bbox 237 2270 521 2347; x_wconf 87' lang='lat' dir='ltr'><strong>constitutionibus,</strong></span> <span class='ocrx_word' id='word_1_134' title='bbox 538 2269 669 2332; x_wconf 89' lang='lat' dir='ltr'><strong>accessit</strong></span> <span class='ocrx_word' id='word_1_135' title='bbox 679 2273 710 2331; x_wconf 88' lang='lat' dir='ltr'><strong>et</strong></span> <span class='ocrx_word' id='word_1_136' title='bbox 727 2270 838 2331; x_wconf 92' lang='lat' dir='ltr'><strong>domus</strong></span> <span class='ocrx_word' id='word_1_137' title='bbox 850 2268 991 2348; x_wconf 82' lang='lat' dir='ltr'><strong>professa</strong></span> <span class='ocrx_word' id='word_1_138' title='bbox 1004 2287 1055 2331; x_wconf 90' lang='lat' dir='ltr'><strong>so-</strong></span> 
     </span>
     <span class='ocr_line' id='line_1_22' title="bbox 118 2365 340 2428; baseline -0.018 0"><span class='ocrx_word' id='word_1_139' title='bbox 118 2365 241 2428; x_wconf 87' lang='lat' dir='ltr'><strong>cietatis</strong></span> <span class='ocrx_word' id='word_1_140' title='bbox 255 2366 340 2427; x_wconf 83' lang='lat' dir='ltr'><strong>lesu.</strong></span> 
     </span>
    </p>

    <p class='ocr_par' dir='ltr' id='par_1_5' title="bbox 116 2455 1081 3636">
     <span class='ocr_line' id='line_1_23' title="bbox 160 2455 1056 2535; baseline 0 -15"><span class='ocrx_word' id='word_1_141' title='bbox 160 2461 288 2521; x_wconf 84' lang='lat' dir='ltr'><strong>Gaeterae</strong></span> <span class='ocrx_word' id='word_1_142' title='bbox 304 2475 413 2518; x_wconf 92' lang='lat' dir='ltr'><strong>omnes</strong></span> <span class='ocrx_word' id='word_1_143' title='bbox 425 2455 550 2517; x_wconf 88' lang='lat' dir='ltr'><strong>familiae</strong></span> <span class='ocrx_word' id='word_1_144' title='bbox 563 2456 724 2535; x_wconf 89' lang='lat' dir='ltr'><strong>regulares</strong></span> <span class='ocrx_word' id='word_1_145' title='bbox 737 2457 832 2520; x_wconf 89' lang='lat' dir='ltr'><strong>etiam</strong></span> <span class='ocrx_word' id='word_1_146' title='bbox 840 2457 1056 2521; x_wconf 88' lang='lat' dir='ltr'><strong>mendicantes</strong></span> 
     </span>
     <span class='ocr_line' id='line_1_24' title="bbox 116 2549 1056 2632; baseline -0.002 -18"><span class='ocrx_word' id='word_1_147' title='bbox 116 2553 293 2632; x_wconf 87' lang='lat' dir='ltr'><strong>potuerunt</strong></span> <span class='ocrx_word' id='word_1_148' title='bbox 314 2550 431 2610; x_wconf 89' lang='lat' dir='ltr'><strong>habero</strong></span> <span class='ocrx_word' id='word_1_149' title='bbox 453 2553 484 2612; x_wconf 90' lang='lat' dir='ltr'><strong>et</strong></span> <span class='ocrx_word' id='word_1_150' title='bbox 502 2549 643 2629; x_wconf 89' lang='lat' dir='ltr'><strong>recipere</strong></span> <span class='ocrx_word' id='word_1_151' title='bbox 663 2551 885 2630; x_wconf 85' lang='lat' dir='ltr'><strong>temporalium</strong></span> <span class='ocrx_word' id='word_1_152' title='bbox 900 2551 1056 2612; x_wconf 91' lang='lat' dir='ltr'><strong>bonorum</strong></span> 
     </span>
     <span class='ocr_line' id='line_1_25' title="bbox 117 2643 1055 2723; baseline -0.005 -16"><span class='ocrx_word' id='word_1_153' title='bbox 117 2643 304 2706; x_wconf 91' lang='lat' dir='ltr'><strong>dominium.</strong></span> <span class='ocrx_word' id='word_1_154' title='bbox 326 2645 389 2703; x_wconf 92' lang='lat' dir='ltr'><strong>Nec</strong></span> <span class='ocrx_word' id='word_1_155' title='bbox 403 2643 505 2704; x_wconf 91' lang='lat' dir='ltr'><strong>solum</strong></span> <span class='ocrx_word' id='word_1_156' title='bbox 520 2643 659 2722; x_wconf 89' lang='lat' dir='ltr'><strong>elanguit</strong></span> <span class='ocrx_word' id='word_1_157' title='bbox 670 2648 839 2723; x_wconf 88' lang='lat' dir='ltr'><strong>paupertas</strong></span> <span class='ocrx_word' id='word_1_158' title='bbox 854 2643 1009 2704; x_wconf 91' lang='lat' dir='ltr'><strong>servanda</strong></span> <span class='ocrx_word' id='word_1_159' title='bbox 1022 2645 1055 2703; x_wconf 90' lang='lat' dir='ltr'><strong>in</strong></span> 
     </span>
     <span class='ocr_line' id='line_1_26' title="bbox 117 2731 1056 2814; baseline -0.003 -14"><span class='ocrx_word' id='word_1_160' title='bbox 117 2735 289 2812; x_wconf 87' lang='lat' dir='ltr'><strong>communi,</strong></span> <span class='ocrx_word' id='word_1_161' title='bbox 306 2753 358 2796; x_wconf 90' lang='lat' dir='ltr'><strong>seo</strong></span> <span class='ocrx_word' id='word_1_162' title='bbox 368 2736 462 2798; x_wconf 85' lang='lat' dir='ltr'><strong>etiem</strong></span> <span class='ocrx_word' id='word_1_163' title='bbox 476 2735 508 2794; x_wconf 91' lang='lat' dir='ltr'><strong>in</strong></span> <span class='ocrx_word' id='word_1_164' title='bbox 522 2731 699 2808; x_wconf 82' lang='lat' dir='ltr'><strong>individu03</strong></span> <span class='ocrx_word' id='word_1_165' title='bbox 717 2753 780 2797; x_wconf 90' lang='lat' dir='ltr'><strong>non</strong></span> <span class='ocrx_word' id='word_1_166' title='bbox 792 2739 914 2797; x_wconf 85' lang='lat' dir='ltr'><strong>tautum</strong></span> <span class='ocrx_word' id='word_1_167' title='bbox 924 2735 1056 2814; x_wconf 91' lang='lat' dir='ltr'><strong>permis-</strong></span> 
     </span>
     <span class='ocr_line' id='line_1_27' title="bbox 118 2819 1055 2908; baseline -0.001 -16"><span class='ocrx_word' id='word_1_168' title='bbox 118 2849 191 2892; x_wconf 89' lang='lat' dir='ltr'><strong>sum</strong></span> <span class='ocrx_word' id='word_1_169' title='bbox 203 2832 251 2891; x_wconf 90' lang='lat' dir='ltr'><strong>est</strong></span> <span class='ocrx_word' id='word_1_170' title='bbox 263 2832 298 2890; x_wconf 91' lang='lat' dir='ltr'><strong>ut</strong></span> <span class='ocrx_word' id='word_1_171' title='bbox 307 2828 377 2908; x_wconf 88' lang='lat' dir='ltr'><strong>ipsa</strong></span> <span class='ocrx_word' id='word_1_172' title='bbox 386 2828 505 2889; x_wconf 85' lang='lat' dir='ltr'><strong>familia</strong></span> <span class='ocrx_word' id='word_1_173' title='bbox 514 2828 734 2908; x_wconf 89' lang='lat' dir='ltr'><strong>possithabere</strong></span> <span class='ocrx_word' id='word_1_174' title='bbox 745 2819 919 2890; x_wconf 89' lang='lat' dir='ltr'><strong>dominium</strong></span> <span class='ocrx_word' id='word_1_175' title='bbox 931 2828 1055 2891; x_wconf 90' lang='lat' dir='ltr'><strong>incom-</strong></span> 
     </span>
     <span class='ocr_line' id='line_1_28' title="bbox 116 2921 1055 3002; baseline -0.002 -16"><span class='ocrx_word' id='word_1_176' title='bbox 116 2922 206 2986; x_wconf 91' lang='lat' dir='ltr'><strong>muni</strong></span> <span class='ocrx_word' id='word_1_177' title='bbox 226 2923 383 2984; x_wconf 90' lang='lat' dir='ltr'><strong>bonorum</strong></span> <span class='ocrx_word' id='word_1_178' title='bbox 403 2921 644 3000; x_wconf 89' lang='lat' dir='ltr'><strong>temporalium,</strong></span> <span class='ocrx_word' id='word_1_179' title='bbox 670 2921 726 2982; x_wconf 90' lang='lat' dir='ltr'><strong>sed</strong></span> <span class='ocrx_word' id='word_1_180' title='bbox 745 2921 840 2983; x_wconf 85' lang='lat' dir='ltr'><strong>etiem</strong></span> <span class='ocrx_word' id='word_1_181' title='bbox 857 2921 889 2984; x_wconf 91' lang='lat' dir='ltr'><strong>in</strong></span> <span class='ocrx_word' id='word_1_182' title='bbox 913 2923 1055 3002; x_wconf 90' lang='lat' dir='ltr'><strong>pluribus</strong></span> 
     </span>
     <span class='ocr_line' id='line_1_29' title="bbox 117 3014 1055 3096; baseline -0.004 -17"><span class='ocrx_word' id='word_1_183' title='bbox 117 3014 1055 3096; x_wconf 79' lang='lat' dir='ltr'><strong>religionibuspermissumestutpossintlraherealiquodpe·</strong></span> 
     </span>
     <span class='ocr_line' id='line_1_30' title="bbox 118 3107 1056 3188; baseline -0.004 -16"><span class='ocrx_word' id='word_1_184' title='bbox 118 3109 247 3185; x_wconf 91' lang='lat' dir='ltr'><strong>culium,</strong></span> <span class='ocrx_word' id='word_1_185' title='bbox 257 3109 343 3188; x_wconf 91' lang='lat' dir='ltr'><strong>quod</strong></span> <span class='ocrx_word' id='word_1_186' title='bbox 354 3109 449 3188; x_wconf 85' lang='lat' dir='ltr'><strong>vulgo</strong></span> <span class='ocrx_word' id='word_1_187' title='bbox 460 3107 588 3168; x_wconf 75' lang='lat' dir='ltr'><strong>tirellum</strong></span> <span class='ocrx_word' id='word_1_188' title='bbox 601 3111 811 3186; x_wconf 90' lang='lat' dir='ltr'><strong>nuncupatur.</strong></span> <span class='ocrx_word' id='word_1_189' title='bbox 828 3108 879 3170; x_wconf 91' lang='lat' dir='ltr'><strong>Sic</strong></span> <span class='ocrx_word' id='word_1_190' title='bbox 889 3107 1056 3169; x_wconf 86' lang='lat' dir='ltr'><strong>imminuta</strong></span> 
     </span>
     <span class='ocr_line' id='line_1_31' title="bbox 117 3199 1052 3281; baseline -0.004 -17"><span class='ocrx_word' id='word_1_191' title='bbox 117 3204 356 3281; x_wconf 89' lang='lat' dir='ltr'><strong>etpaupertate,</strong></span> <span class='ocrx_word' id='word_1_192' title='bbox 368 3218 563 3279; x_wconf 86' lang='lat' dir='ltr'><strong>consequens</strong></span> <span class='ocrx_word' id='word_1_193' title='bbox 573 3199 633 3261; x_wconf 88' lang='lat' dir='ltr'><strong>fuit</strong></span> <span class='ocrx_word' id='word_1_194' title='bbox 643 3204 678 3261; x_wconf 91' lang='lat' dir='ltr'><strong>ut</strong></span> <span class='ocrx_word' id='word_1_195' title='bbox 690 3201 903 3278; x_wconf 88' lang='lat' dir='ltr'><strong>etiamvestes,</strong></span> <span class='ocrx_word' id='word_1_196' title='bbox 915 3199 1052 3277; x_wconf 83' lang='lat' dir='ltr'><strong>babitus,</strong></span> 
     </span>
     <span class='ocr_line' id='line_1_32' title="bbox 117 3292 1056 3356; baseline -0.001 -1"><span class='ocrx_word' id='word_1_197' title='bbox 117 3295 258 3355; x_wconf 90' lang='lat' dir='ltr'><strong>incessus</strong></span> <span class='ocrx_word' id='word_1_198' title='bbox 276 3294 390 3355; x_wconf 90' lang='lat' dir='ltr'><strong>horum</strong></span> <span class='ocrx_word' id='word_1_199' title='bbox 412 3293 624 3355; x_wconf 87' lang='lat' dir='ltr'><strong>recentiorum</strong></span> <span class='ocrx_word' id='word_1_200' title='bbox 649 3293 862 3356; x_wconf 88' lang='lat' dir='ltr'><strong>institutorum</strong></span> <span class='ocrx_word' id='word_1_201' title='bbox 888 3292 999 3353; x_wconf 88' lang='lat' dir='ltr'><strong>cultior</strong></span> <span class='ocrx_word' id='word_1_202' title='bbox 1024 3296 1056 3354; x_wconf 91' lang='lat' dir='ltr'><strong>et</strong></span> 
     </span>
     <span class='ocr_line' id='line_1_33' title="bbox 117 3385 1055 3464; baseline -0.002 -16"><span class='ocrx_word' id='word_1_203' title='bbox 117 3386 279 3450; x_wconf 88' lang='lat' dir='ltr'><strong>honestior</strong></span> <span class='ocrx_word' id='word_1_204' title='bbox 300 3386 451 3461; x_wconf 82' lang='lat' dir='ltr'><strong>eraserit3</strong></span> <span class='ocrx_word' id='word_1_205' title='bbox 469 3389 501 3448; x_wconf 87' lang='lat' dir='ltr'><strong>et</strong></span> <span class='ocrx_word' id='word_1_206' title='bbox 516 3385 606 3448; x_wconf 92' lang='lat' dir='ltr'><strong>sicuti</strong></span> <span class='ocrx_word' id='word_1_207' title='bbox 624 3387 802 3448; x_wconf 87' lang='lat' dir='ltr'><strong>clericalem</strong></span> <span class='ocrx_word' id='word_1_208' title='bbox 824 3387 923 3447; x_wconf 88' lang='lat' dir='ltr'><strong>vitam</strong></span> <span class='ocrx_word' id='word_1_209' title='bbox 938 3385 1055 3464; x_wconf 91' lang='lat' dir='ltr'><strong>princi-</strong></span> 
     </span>
     <span class='ocr_line' id='line_1_34' title="bbox 116 3477 1081 3560; baseline 0.002 -20"><span class='ocrx_word' id='word_1_210' title='bbox 116 3480 220 3560; x_wconf 87' lang='lat' dir='ltr'><strong>palius</strong></span> <span class='ocrx_word' id='word_1_211' title='bbox 237 3480 370 3559; x_wconf 83' lang='lat' dir='ltr'><strong>professi</strong></span> <span class='ocrx_word' id='word_1_212' title='bbox 395 3483 477 3557; x_wconf 86' lang='lat' dir='ltr'><strong>sunt,</strong></span> <span class='ocrx_word' id='word_1_213' title='bbox 494 3479 539 3541; x_wconf 91' lang='lat' dir='ltr'><strong>sic</strong></span> <span class='ocrx_word' id='word_1_214' title='bbox 563 3482 595 3542; x_wconf 88' lang='lat' dir='ltr'><strong>et</strong></span> <span class='ocrx_word' id='word_1_215' title='bbox 613 3479 789 3541; x_wconf 86' lang='lat' dir='ltr'><strong>clericalem</strong></span> <span class='ocrx_word' id='word_1_216' title='bbox 800 3481 920 3542; x_wconf 77' lang='lat' dir='ltr'><strong>vestem</strong></span> <span class='ocrx_word' id='word_1_217' title='bbox 939 3477 1053 3540; x_wconf 82' lang='lat' dir='ltr'><strong>imitari</strong></span> <span class='ocrx_word' id='word_1_218' title='bbox 1078 3535 1081 3542; x_wconf 19' lang='grc' dir='ltr'><strong>Δ</strong></span> 
     </span>
     <span class='ocr_line' id='line_1_35' title="bbox 116 3573 510 3636; baseline -0.005 -1"><span class='ocrx_word' id='word_1_219' title='bbox 116 3573 185 3635; x_wconf 84' lang='lat' dir='ltr'><strong>visa</strong></span> <span class='ocrx_word' id='word_1_220' title='bbox 199 3579 282 3636; x_wconf 88' lang='lat' dir='ltr'><strong>suut.</strong></span> <span class='ocrx_word' id='word_1_221' title='bbox 507 3583 510 3590; x_wconf 89' lang='grc'><strong><em>’</em></strong></span> 
     </span>
    </p>
   </div>
   <div class='ocr_carea' id='block_1_4' title="bbox 0 0 1256 4130">
    <p class='ocr_par' dir='ltr' id='par_1_6' title="bbox 0 0 1256 4130">
     <span class='ocr_line' id='line_1_36' title="bbox 0 0 1256 4130; baseline 0 0"><span class='ocrx_word' id='word_1_222' title='bbox 0 0 1256 4130; x_wconf 95' lang='lat' dir='ltr'><strong> </strong></span> 
     </span>
    </p>
   </div>
  </div>
 </body>
</html>
