2502 4130
363 378 402 426 ne
424 379 553 426 caruero
574 379 657 426 rums
679 379 833 427 cruorum.
1006 367 1064 430 335

129 525 197 588 Sed
211 523 345 586 nonfuit
359 523 414 584 illa
428 523 583 602 completa
597 521 770 601 exemptio,
786 524 842 584 sed
856 523 960 603 potius
981 543 1066 605 quoe·

129 619 207 678 dam
217 617 361 678 limitatio
377 615 539 696 potestatis
553 615 738 696 episcopalis
753 617 858 696 quoad
867 617 1062 694 monachos3

128 730 195 772 non
209 712 336 772 fuerunt
351 709 500 771 subtracti
515 709 676 788 regulares
695 709 735 770 ab
751 710 929 772 obedientia
944 711 1065 789 episco-

128 823 256 883 porum,
273 803 327 864 sed
341 803 442 881 potius
456 803 585 864 delinita
597 805 670 864 sunt
685 803 791 881 capita
803 803 836 864 in
850 804 963 883 quibus
973 823 1065 884 regu·

125 897 213 958 lares
228 896 383 976 episcopis
404 896 644 978 subjicerentur,
662 897 712 956 vel
731 915 805 958 non.
828 897 918 960 Unde
932 897 1064 959 celebris

125 991 183 1050 illa
199 989 356 1051 distinctio
366 989 448 1051 iuter
462 991 553 1070 lepem
564 988 754 1053 diaecesanum
778 992 809 1052 et
822 990 1065 1071 lepcmjore'sdic-

127 1084 228 1144 tionis.

168 1178 209 1237 At
231 1176 290 1237 suh
305 1175 366 1236 fine
382 1176 502 1254 periodi
518 1176 750 1248 antecedentis,
768 1177 966 1256 potissimum
987 1196 1063 1240 vero
1099 1203 1114 1228 ·

126 1269 293 1330 occasione
316 1268 547 1330 reformationis
562 1269 794 1346 CluniacensiS,
824 1269 918 1350 hujus
936 1289 1064 1350 exemp-

125 1361 221 1424 tionis
237 1361 310 1441 jura
327 1361 470 1440 ampliari
486 1366 666 1440 coeperunt,
685 1363 842 1442 siquidem
857 1381 929 1424 cum
943 1383 1000 1442 per
1013 1382 1064 1424 re-

124 1455 347 1516 formationem
378 1454 615 1516 Cluniacensem
650 1455 776 1517 familiae
809 1457 1061 1535 monachorum,

126 1547 253 1609 familiis
280 1547 374 1608 etiam
398 1547 625 1609 monachorum
660 1548 856 1629 conjunctae,
882 1550 1064 1628 generalem

125 1640 357 1702 constituerunt
372 1639 515 1701 ordinem
527 1641 587 1701 snb
606 1641 720 1702 abbate
735 1641 886 1720 generali.
906 1642 1063 1714 Quemad-

126 1733 258 1793 modum
281 1732 406 1793 illurum
430 1733 632 1812 congregatio
651 1735 823 1796 excedebat
842 1725 956 1796 limites
971 1734 1063 1796 unius

127 1829 183 1887 aut
198 1826 326 1886 alterius
340 1825 524 1902 dioeceseos,
538 1826 582 1887 ita
592 1826 632 1886 ab
642 1827 734 1887 unius
746 1833 801 1888 aut
812 1828 941 1889 alterius
955 1831 1064 1889 aucto-

125 1919 219 1980 ritate
235 1918 373 1996 episcopi
387 1918 545 1980 substrahi
561 1919 666 1997 coepit,
676 1923 707 1980 et
719 1920 919 1998 peculiariter
930 1920 1062 1982 Romani

126 2011 287 2074 Pontificis
302 2012 479 2073 auctoritati
494 2012 719 2074 commendari.

168 2105 231 2166 Sed
246 2105 300 2164 illa
319 2105 488 2183 exemptio,
511 2123 580 2185 qnae
599 2105 643 2166 sic
663 2109 805 2185 coeperat
822 2104 989 2180 introduci,
1007 2123 1064 2184 per

126 2198 253 2259 ordines
279 2197 494 2259 mendicantes
521 2199 679 2276 completa
702 2198 816 2273 evasit3
843 2197 1000 2278 siqnidem
1029 2197 1062 2258 hi

124 2291 251 2353 ordines
273 2291 312 2352 ab
328 2290 523 2352 incunabulis
549 2291 612 2352 suis
633 2293 759 2353 fuerant
776 2292 816 2353 ab
840 2291 1063 2370 episcopcrum

123 2383 343 2466 jurisdictione
367 2384 533 2445 substracti
555 2388 586 2446 et
609 2384 789 2446 immediate
811 2387 952 2446 Romano
981 2386 1063 2446 Pon-

125 2475 202 2538 tifici
217 2475 359 2556 subjecti.
378 2477 468 2540 Unde
487 2477 605 2538 factum
629 2481 676 2539 cst
699 2478 783 2558 quod
799 2479 928 2540 abbates
941 2497 996 2540 seu
1011 2497 1064 2540 su-

125 2569 267 2649 periores
290 2570 435 2631 ordinum
452 2570 644 2649 regularium
668 2590 730 2632 nun
751 2575 875 2633 tantum
895 2571 1065 2632 habuerint

125 2663 159 2724 in
179 2662 320 2724 subditos
344 2682 416 2723 suos
433 2664 604 2742 quamdam
617 2663 778 2743 propriam
790 2665 989 2742 potestatem,
1007 2663 1064 2724 sed

124 2755 254 2816 illorum
271 2756 440 2817 auctoritas
454 2757 537 2816 facta
551 2757 646 2816 fuerit
655 2755 831 2836 jurisdictio
845 2754 934 2835 quasi
945 2755 1064 2834 episco-

124 2849 224 2928 palis,
248 2849 404 2928 siquidem
429 2850 650 2928 episcoporum
670 2849 739 2910 loco
755 2849 882 2910 fuerunt
901 2867 979 2928 erga
992 2848 1065 2910 sub-

126 2943 210 3004 ditos
239 2961 329 3020 suos,
358 2943 418 3002 hac
443 2945 578 3004 tantum.
603 2947 728 3005 servata
753 2942 946 3020 differentia,
980 2942 1064 3022 quod

127 3036 260 3097 Romani
276 3035 434 3097 Pontificis
450 3035 575 3096 nominc
585 3035 638 3116 jus
653 3035 804 3098 dicerent.

169 3131 367 3208 Quapropter
381 3130 549 3190 relationes
560 3129 704 3209 juridica
723 3131 805 3191 inter
818 3131 952 3191 familias
971 3147 1065 3207 regu·

125 3226 210 3284 lares
223 3225 253 3282 et
269 3223 420 3283 dioeceses
433 3222 605 3283 immutata
621 3227 703 3300 sunt,
718 3243 776 3284 nec
792 3223 925 3302 amplius
947 3220 1066 3281 familia

124 3315 279 3394 regularis
298 3316 329 3374 in
347 3315 456 3375 ordine
472 3316 513 3374 ad
528 3315 690 3376 dioecesim
710 3317 910 3377 considerata
926 3317 972 3375 est
995 3317 1068 3375 tan-

128 3427 224 3489 quam
239 3408 419 3469 sodalitium
430 3408 653 3486 dicecesanum,
669 3428 724 3469 seu
737 3408 870 3469 societas
880 3406 1065 3487 imperfecta

126 3503 210 3564 intra
225 3501 385 3562 dioecesim
400 3502 552 3578 instituta,
567 3504 622 3564 sed
636 3501 740 3581 potins
750 3506 902 3582 tauquam
917 3500 1061 3562 dioecesis

126 3599 159 3657 in
176 3594 284 3655 ordine
306 3595 346 3655 ad
362 3594 539 3672 dioecesim,
558 3595 712 3675 siquidem
727 3594 853 3657 ordines
874 3593 1057 3672 monastici,
