2540 4132
325 351 431 400 mcrcn
452 353 605 400 screnus
626 353 711 400 runis
731 353 884 404 comer.
1029 341 1069 408 tt

423 539 451 579 ΙΙ.
460 539 489 578 De
504 537 632 578 collectione
646 535 780 578 interrasa.

174 675 242 736 Vll.
267 676 382 736 Contra
406 693 482 736 vero
501 675 601 736 altere
624 673 777 750 collectio,
801 692 874 756 quoe
890 674 1068 742 inscribitur

131 767 247 828 Isidori
267 765 441 827 Merccteris
460 768 511 828 vel
531 767 698 828 Peccatores
716 766 857 844 nomine,
892 769 957 830 sive
978 769 1068 834 inde·

130 861 197 920 lem
226 864 420 938 spectemus,
448 861 514 922 sive
542 861 705 941 ingenium
729 861 925 938 collectoris,
950 863 1068 926 nutem

130 971 266 1032 prorsus
278 953 374 1014 fidem
382 957 535 1026 meretum
553 955 675 1014 nullum
689 954 774 1016 enim
788 958 838 1016 est
849 954 966 1018 critice
976 974 1068 1036 ergu-

129 1049 277 1107 mentum
291 1046 376 1124 quod
396 1046 577 1126 hujusmodi
599 1047 798 1108 collectorem
813 1051 964 1127 tunquam
977 1049 1068 1110 fnlser

129 1139 217 1200 rium
242 1157 307 1198 non
331 1139 507 1200 convincet.
531 1140 603 1202 Sive
621 1140 705 1202 enim
722 1144 905 1218 spectetur:
924 1145 954 1202 l⁰
968 1139 1067 1204 cltum

129 1231 292 1293 silentium
315 1232 399 1311 quod
423 1233 592 1311 antiquitas
617 1237 722 1294 servet
742 1233 782 1294 de
800 1231 942 1312 pluribus
956 1252 1066 1298 mono

129 1325 247 1386 mentis
268 1325 308 1384 eb
335 1343 372 1385 eo
397 1325 558 1400 adductis3
584 1327 651 1388 sive
673 1330 704 1386 2⁰
727 1327 944 1390 consideretur
966 1329 1066 1406 stylus

129 1417 262 1478 omnino
288 1417 442 1478 barbarus
469 1433 563 1497 quem
586 1419 724 1498 applicet
750 1419 887 1500 antiquis
916 1421 1066 1484 ltomenis

130 1509 351 1587 Pontificibus,
376 1511 429 1590 qui
443 1511 626 1590 elegantiori
640 1516 725 1574 certe
740 1512 863 1574 dicendi
882 1514 977 1576 modo
992 1533 1065 1578 usos

130 1603 227 1664 fuisse
239 1603 445 1681 perhibentur
457 1624 464 1677 ;
478 1605 543 1664 sive
556 1608 587 1665 3⁰
596 1609 756 1684 spectetur
768 1606 964 1668 uniformitas
980 1608 1064 1672 loeu-

129 1696 224 1758 tionis
240 1713 310 1774 quae
321 1715 385 1758 une
399 1715 524 1775 semper
538 1698 711 1777 eademque
725 1702 858 1778 apparet
868 1699 901 1760 in
918 1701 1064 1762 omnibus

129 1790 342 1851 monumentis
361 1789 401 1850 eb
420 1793 547 1852 auctore
572 1791 691 1868 allatis,
703 1793 789 1854 nullo
803 1809 862 1871 pro
882 1792 1063 1856 diversitate

59 1912 64 1922 ·
128 1876 310 1960 temporum
318 1882 399 1944 fecto
412 1882 600 1957 discrimine;
615 1883 982 1962 sivel⁰dcprehendetur
989 1905 1063 1948 usus

127 1975 281 2036 versionis
291 1975 537 2054 hieronymianas
545 1977 697 2038 librorum
707 1977 906 2038 serrorumin
914 1977 1063 2058 antiquis·

127 2067 216 2128 simis
228 2069 437 2130 monumentis
452 2071 476 2145 1,
501 2071 596 2145 11‚111
617 2069 742 2142 saeculi;
769 2069 835 2130 sive
855 2073 887 2130 5⁰
904 2073 1064 2146 spectetur

125 2159 248 2220 falsitas
260 2160 566 2224 circumstantiarum
581 2163 632 2223 vel
646 2165 825 2240 temporum
842 2161 956 2240 quilius
978 2161 1063 2224 edile

125 2252 335 2332 perhibentur
348 2259 570 2328 monumente;

169 2348 239 2408 Uno
264 2347 359 2408 verbo
381 2347 501 2408 nullum
523 2351 570 2409 est
592 2347 708 2408 critices
733 2349 956 2426 argumentum
977 2349 1062 2426 qued

126 2439 212 2498 hene
230 2439 445 2502 collectionem
457 2460 520 2502 non
534 2441 720 2520 redarguet,
739 2441 830 2502 itaut
845 2441 984 2502 breviter
1000 2440 1061 2504 dici

125 2531 246 2610 possit:
263 2531 407 2612 Ecceptis
425 2533 461 2593 iic
474 2534 664 2594 monumentis
677 2551 744 2614 quoe
761 2534 949 2613 reperiuntur
964 2535 995 2594 ic
1008 2554 1062 2596 cn-

126 2624 322 2686 tcccdectibcs
344 2626 578 2701 collectionibus,
599 2625 737 2706 Dyocz'sic'
749 2634 778 2686 ct
791 2627 932 2700 mmmm,
955 2639 1062 2688 cetera

119 2718 194 2798 plus
213 2719 343 2781 minusve
356 2721 452 2782 omnia
473 2719 520 2782 vel
534 2719 715 2800 apocrypho,
737 2719 784 2780 cel
800 2718 1001 2799 supposititio,
1016 2721 1064 2784 cel

125 2811 307 2892 interpoletur
320 2820 398 2874 cunt.

166 2906 247 2967 Vlll.
266 2907 383 2967 Verum
393 2923 456 2968 non
467 2907 708 2968 existimandum
718 2909 765 2968 est
774 2905 954 2986 hujusmodi
965 2909 1059 2970 Isido-

126 3017 199 3060 rum
211 3017 328 3060 novum
335 3000 495 3078 quoddam
505 3000 557 3080 jus
569 2999 702 3078 tempori
717 3017 774 3060 sno
788 3000 931 3078 ignotum
945 3019 1060 3080 propo·

125 3091 236 3152 ruisse.
267 3092 299 3154 Si
324 3093 407 3152 enim
431 3093 623 3172 excipiemus
641 3093 795 3172 quasdem
815 3093 970 3156 novitates
989 3112 1059 3173 quae

126 3185 276 3246 videntur
301 3185 509 3262 introductae‚
542 3186 626 3246 circe
659 3203 824 3264 processus
851 3186 1060 3248 criminalium

126 3296 295 3338 causarum
328 3279 567 3358 episcoporum,
594 3297 728 3358 quorum
763 3279 968 3341 incolumitati
994 3281 1060 3338 stu-

126 3371 206 3432 duit*
217 3371 417 3450 potissimum
441 3373 623 3450 consulere,
651 3373 683 3432 in
707 3373 828 3434 caeteris
853 3372 1059 3433 monumenta

126 3482 197 3543 quae
211 3465 426 3526 recollectione
439 3465 613 3527 Isidoriene
622 3464 914 3544 proferuntur‚licei
923 3480 987 3522 non
998 3462 1059 3524 sint

126 3557 255 3636 proprie
269 3557 395 3620 illorum
409 3558 595 3620 Pontificum
607 3558 658 3618 vel
671 3556 874 3618 conciliorum
888 3554 937 3616 vel
958 3555 1057 3616 celetis
