2518 4144
212 381 215 390 ·
316 377 422 428 mereo
443 378 700 428 screnissimus
725 380 878 431 coroner.
1022 367 1061 431 33

128 524 250 586 feratur
260 521 293 583 in
309 521 484 601 singulares
498 539 667 602 personas,
683 522 794 602 regula
807 523 840 584 in
856 523 1061 588 communita·

127 621 194 680 tem
206 615 258 678 vel
276 614 444 694 collegium
469 614 597 694 aliquod
615 633 837 694 personarum,
859 616 910 677 lex
927 617 960 678 in
976 635 1061 680 rem·

127 709 288 790 publicam
297 726 353 768 seu
367 707 399 768 in
413 706 595 769 societatem
605 707 793 786 perfectam
805 708 938 770 societas
948 709 1061 772 dicitur

127 801 269 882 perfecta
282 817 352 879 qua
366 817 386 861 a
400 798 520 862 catoris
534 799 679 862 omnihus
695 799 898 863 societatibus
912 799 1061 880 indepen-

127 895 218 970 dens,
235 892 293 954 sibi
313 891 451 971 propria,
469 891 607 972 suijuris
625 892 762 970 ratione,
779 896 930 974 anquam
942 893 1061 955 morale

126 985 347 1062 individuum,
366 985 588 1068 voluntateque
612 984 781 1066 principis,
801 983 834 1046 in
855 985 953 1048 tinem
968 1003 1061 1052 suum

125 1079 332 1159 guhematur.

168 1171 259 1234 Unde
288 1189 483 1252 consequens
513 1175 561 1232 est
593 1171 678 1252 quod
705 1171 852 1252 precepti
884 1170 1060 1253 subjectum

125 1263 248 1346 possint
273 1281 342 1324 esse
369 1263 544 1343 singulares
563 1281 722 1342 persona,
746 1263 922 1344 subjectum
950 1264 1061 1346 regula

126 1355 335 1418 communitas
364 1373 589 1434 personarum,
619 1374 676 1417 seu
704 1355 887 1435 imperfecta
913 1357 1060 1437 quaedam

125 1449 271 1525 societas,
285 1447 461 1529 subjectum
473 1465 548 1510 vero
561 1448 633 1528 lcps's
644 1447 736 1510 unice
750 1448 790 1510 sit
803 1448 992 1527 respublica.

167 1541 200 1604 Si
219 1540 401 1622 hujusmodi
415 1540 581 1617 theoriam,
604 1557 674 1622 quae
695 1539 735 1602 da
754 1539 877 1619 legibus
895 1540 928 1600 in
943 1559 1059 1620 genere

124 1634 274 1697 statuitur
294 1633 520 1710 communiter,
542 1631 723 1694 immediate
748 1631 978 1712 applicaremus
995 1633 1059 1714 juri

125 1731 252 1804 nostro,
276 1726 344 1788 haec
371 1726 532 1788 videretur
550 1725 735 1788 naturaliter
759 1743 827 1787 esse
846 1725 1005 1788 conclusio
1026 1729 1061 1788 ut

126 1819 277 1902 quoniam
288 1819 338 1880 lex
348 1817 666 1880 ecclesiasticaiertur
676 1817 708 1878 in
717 1817 946 1897 rempublicam
960 1817 1060 1880 chris-

125 1912 263 1989 tianam,
286 1911 319 1972 in
339 1911 529 1988 Ecclesiam,
552 1909 692 1972 Ecclesia
714 1911 783 1990 ipsa
802 1910 869 1972 sola
887 1913 919 1972 et
936 1911 1060 1990 integra

126 2003 344 2066 ecclesiasticis
362 2003 485 2084 legibus
501 2002 696 2084 subjiciatur,
712 2021 779 2080 seu,
797 2002 883 2083 quod
897 2001 983 2064 idem
997 2005 1056 2078 est,

126 2097 212 2177 quod
236 2113 344 2158 omncs
367 2099 398 2158 et
428 2095 485 2158 soli
512 2093 673 2157 christiani
695 2093 913 2156 ecclesiasticis
935 2094 1059 2173 legibus

124 2189 342 2269 subjiciantur.
357 2190 490 2264 verm,
506 2187 575 2248 haec
589 2185 772 2248 immediata
786 2184 953 2263 applicatio
972 2184 1060 2262 prin·

124 2282 198 2360 oipii
210 2279 366 2360 generalis
384 2280 472 2342 nulla
489 2279 573 2341 facta
586 2276 767 2358 particulari
787 2275 985 2338 distinctione
1001 2293 1059 2338 nos

122 2375 247 2436 falleret
254 2373 359 2454 quoad
366 2373 441 2450 duo,
450 2390 524 2434 nam
534 2392 541 2434 :
553 2369 769 2451 l⁰aliquando,
778 2369 873 2432 etiam
887 2387 950 2430 non
962 2367 1058 2434 chris·

121 2467 201 2530 tiani
220 2465 437 2528 ecclesiasticis
458 2465 579 2544 legihns
596 2462 821 2544 subjiciuntur;
838 2465 870 2522 2⁰
889 2460 1057 2542 adunando

123 2579 141 2622 e
166 2563 277 2621 eontra
297 2577 360 2620 non
382 2575 491 2619 omnes
516 2555 677 2620 christiani
702 2553 918 2617 ecclesiasticis
935 2552 1057 2633 legibus

122 2651 344 2738 subjiciuntur.

164 2746 203 2806 ll.
228 2745 424 2822 Quapropter
446 2741 569 2804 diverso
586 2741 681 2804 modo
701 2759 751 2802 res
769 2742 817 2802 est
838 2738 1054 2819 proponenda,

124 2857 165 2899 ne
187 2855 226 2897 ea
243 2853 313 2917 quae
334 2835 505 2916 singularia
522 2838 596 2896 sunt
617 2851 654 2895 ac
672 2832 801 2913 propria
815 2832 921 2911 legum
937 2835 1058 2894 nostra·

124 2947 198 2992 rum
215 2928 358 2992 omittere
378 2928 552 2990 videamur.
577 2929 686 3006 ltaque
710 2926 797 3005 leges
818 2923 1054 3000 ecclesiasticae,

123 3027 160 3085 ut
174 3021 320 3099 diximus,
339 3024 393 3083 aut
407 3020 592 3100 dogmatica
607 3022 663 3080 aut
677 3017 891 3097 disciplinares
904 3019 977 3080 sunt
991 3035 998 3077 ε

165 3118 196 3176 l⁰
218 3115 251 3176 Si
273 3117 346 3176 sunt
366 3113 569 3193 dogmatica,
595 3111 656 3174 illis
680 3129 744 3173 non
768 3111 870 3172 solum
896 3108 1055 3172 christiani

122 3207 180 3268 sed
197 3225 306 3268 omnes
327 3206 470 3269 homines
490 3205 716 3287 subjiciuntur;
740 3207 854 3266 natura
877 3203 961 3264 euim
978 3202 1057 3280 dog·

121 3299 247 3362 maticae
263 3299 342 3378 legis
357 3317 394 3360 eo
413 3299 474 3360 sita
487 3301 535 3360 est
548 3298 634 3378 quod
647 3315 705 3376 per
721 3315 792 3358 eam
810 3296 997 3370 declaretur,
1019 3311 1056 3354 ae

121 3396 318 3473 proponatur
330 3391 446 3453 veritas
459 3408 529 3470 quae
542 3409 562 3452 a
576 3392 640 3452 Deo
654 3390 794 3451 revelata
805 3391 862 3450 est.

154 3483 308 3547 *Definitio
333 3483 412 3564 legis
432 3479 618 3563 dogmatica
634 3483 738 3562 legem
754 3479 880 3562 proprie
899 3494 963 3539 non
981 3493 1057 3536 con-

122 3576 181 3654 dit,
202 3576 260 3640 sed
280 3596 338 3658 per
361 3575 524 3640 infallibile
545 3573 762 3656 magisterium
785 3569 931 3636 Ecclesia
953 3571 1056 3637 cemos
