2518 4144
194 375 233 439 lt
402 389 631 438 rasuruucsus
651 391 733 438 raus
754 390 909 440 curamur.

194 551 290 598 causa
306 538 362 596 est.
382 535 474 596 Nulla
490 554 565 615 ergo
585 554 604 597 a
622 537 763 615 tempore
778 536 909 597 mutatio
923 536 991 597 fieri
1006 539 1126 615 potest.

235 626 354 690 Suadet
372 630 405 689 3⁰
425 628 572 690 Ecclesiae
591 628 717 690 traditio
736 645 805 709 quae
823 632 976 708 perpetuo
993 629 1131 708 agnovit

194 721 226 781 iu
246 723 387 781 Romano
408 721 559 782 Pontifice
578 738 791 782 successorem
808 721 902 798 Petri,
919 721 1131 800 inepiscopis

195 830 389 874 successores
399 812 621 891 apostolorum.
637 814 765 874 Diverso
775 815 986 876 tamenmodo
1002 833 1131 876 succes·

195 910 302 968 serunt
317 906 448 968 Romani
460 905 626 968 Pontifices
641 909 744 983 Petro,
760 908 907 986 apostolis
920 907 1059 986 episcopi
1074 927 1081 968 ε

234 999 366 1061 Romani
392 992 558 1061 Pontifices
575 1003 793 1060 successerunt
813 1003 905 1062 Patro
930 1019 987 1078 per
1010 999 1132 1061 seriem

196 1093 366 1173 quamdam
390 1111 452 1155 non
485 1093 692 1172 interruptam
721 1111 783 1172 qua
810 1092 923 1172 singuli
952 1092 1133 1154 decessoris

195 1186 299 1246 locum
310 1189 497 1264 occupantes
511 1203 618 1246 omnes
629 1185 806 1265 plenissime
816 1185 889 1246 facti
900 1188 973 1248 sunt
982 1185 1132 1246 haeredes

196 1277 358 1357 potestatis
372 1278 523 1341 aGhristo
537 1278 670 1340 tradita.

237 1371 299 1431 Sed
314 1369 449 1450 episcopi
461 1389 523 1432 non
538 1374 755 1433 successerunt
767 1369 880 1450 singuli
891 1371 1023 1452 singulis
1032 1390 1134 1450 apos-

196 1462 278 1540 tolis,
304 1463 360 1524 sed
387 1465 491 1542 potius
513 1465 711 1542 episcopatus
741 1465 961 1544 apostolorum·
978 1465 1019 1525 ad
1047 1465 1132 1526 alios

197 1556 292 1618 etiam
312 1574 369 1634 pro
386 1557 570 1618 necessitate
590 1560 621 1618 et
645 1575 702 1636 pro
725 1557 957 1636 opportunitate
978 1557 1134 1619 Ecclesiae

197 1652 388 1728 propagatus
402 1649 470 1711 fuit.
483 1649 572 1713 Unde
583 1650 736 1714 successio
748 1650 966 1729 episcoporum
980 1651 1012 1710 iu
1022 1651 1133 1711 locum

198 1733 412 1819 apostolorum
425 1743 591 1820 dupliciter
604 1743 794 1804 considerari
809 1746 912 1822 potest
924 1763 930 1804 :
944 1745 974 1804 l⁰
985 1743 1036 1804 vel
1051 1761 1133 1822 qua-

118 1887 124 1899 ,
197 1839 288 1896 tenus
303 1833 518 1896 consideratur
535 1835 689 1896 successio
700 1836 794 1897 totius
804 1836 926 1914 collegii
941 1836 1134 1915 episcopalis

198 1926 328 2006 collegio
339 1927 525 2005 apostoliam
542 1932 573 1988 2¹
586 1928 636 1988 vel
651 1931 804 2008 quatenus
825 1930 1040 1990 consideratur
1056 1947 1134 1990 suo-

198 2019 296 2080 cessio
318 2019 512 2098 singulorum
531 2021 750 2100 episcoporum
774 2021 951 2084 auctoritati
971 2021 1014 2081 illi
1031 2039 1133 2100 quam

197 2112 361 2174 habebant
372 2112 485 2193 singuli
501 2115 644 2194 apostoli.

237 2206 268 2268 Si
279 2207 375 2286 prius,
390 2207 544 2269 successio
559 2208 778 2270 universorum
800 2207 1020 2287 episcoporum
1034 2225 1134 2287 apos-

196 2299 267 2360 tolis
285 2319 362 2359 vara
383 2303 429 2360 est
454 2303 486 2360 et
508 2301 633 2380 proprie
656 2301 740 2361 dicta
762 2302 928 2379 successio,
955 2304 1131 2380 quaterna,

198 2390 351 2450 defunctis
366 2391 531 2468 apostolia,
549 2393 715 2472 collegium
734 2393 953 2472 episcopcrum
965 2395 1070 2454 locum
1083 2395 1133 2453 te-

198 2485 252 2542 net
265 2482 387 2562 collegii
400 2484 571 2561 apostolici.
587 2485 618 2546 Si
633 2505 706 2547 vero
725 2487 940 2548 consideratur
959 2485 1130 2565 posterius

199 2575 353 2636 successio
366 2577 472 2656 quoad
487 2577 625 2657 singulos
637 2597 713 2640 vera
727 2583 758 2640 et
770 2579 992 2658 propriediota
1003 2596 1135 2639 succes-

200 2666 256 2745 sio,
272 2687 334 2747 qua
346 2687 508 2730 successor
520 2671 625 2732 locum
636 2674 722 2733 tenet
736 2672 951 2750 antecessoris,
968 2689 1031 2732 non
1045 2670 1134 2731 veri-

176 2798 179 2804 ·
200 2761 330 2834 ficatur3
351 2763 406 2822 sed
420 2763 545 2824 videtur
560 2763 741 2843 impropria,
760 2768 914 2844 quatenus
933 2764 1050 2825 scilicet
1067 2763 1133 2824 sin·

200 2852 264 2930 guli
282 2853 420 2916 habeant
429 2856 563 2934 gradum
581 2856 915 2934 divinaeinstitutionis‚
928 2858 983 2918 sed
993 2856 1134 2938 gradum

200 2944 428 3024 dependentia,
446 2967 541 3027 quem
555 2949 737 3012 obtinebant
747 2951 859 3030 singuli
876 2950 1018 3029 apostoli.

56 3110 57 3118 ἵ
75 3054 84 3095 ,1
128 3051 137 3162 ⁸
240 3040 281 3099 At
293 3057 364 3098 cum
377 3041 508 3119 apostoli
524 3046 627 3104 essent
637 3043 809 3105 anteriores
823 3043 981 3120 Ecclesiae,
1003 3042 1136 3104 ordina-

48 3130 61 3211 t
127 3158 136 3218 ,f
201 3131 283 3190 rium
306 3131 431 3192 illorum
454 3133 591 3194 officium
614 3139 683 3197 erat
669 3135 836 3198 tfundare
860 3135 1046 3212 Ecclesiam,
1065 3152 1134 3198 non

45 3233 93 3266 1
127 3219 138 3308 ,ζ
201 3241 322 3302 regere
338 3225 417 3286 Ceut
404 3228 453 3286 tra
455 3245 615 3305 ep1scop1
629 3247 681 3308 qur
694 3233 764 3308 pos
751 3229 955 3292 Ecclas1am
969 3227 1134 3290 conditam

131 3310 140 3358 l
202 3316 298 3378 creati
313 3321 385 3378 sunt
403 3336 459 3397 pro
482 3319 639 3382 ordinario
659 3322 761 3384 officio
781 3322 899 3384 hahent
885 3325 977 3384 tnou
995 3321 1134 3382 fundare

131 3361 248 3562 ἔ
201 3409 256 3470 sed
271 3429 391 3490 regere.
409 3413 549 3474 Haect
502 3431 534 3473 es
536 3413 718 3478 tdiffereut
697 3419 742 3478 t1a
758 3416 861 3498 objt
812 3401 847 3478 e'c
848 3415 915 3478 tiva
928 3415 974 3476 int
976 3433 1011 3476 er
1026 3431 1067 3492 po
1069 3417 1134 3476 t·es

203 3505 248 3562 tat
249 3521 299 3563 em
310 3504 506 3584 singulorum
520 3524 596 3586 apos
597 3509 780 3571 tolcrumt
749 3527 765 3570 e
767 3509 992 3588 tsingulorum
1011 3507 1135 3586 episco-

132 3597 325 3732 }.porum
336 3596 428 3675 Sipot
429 3601 476 3659 est
476 3615 510 3659 as
520 3598 698 3680 insubjectc
709 3601 884 3663 considerat
871 3605 933 3678 tur,
944 3598 1031 3661 nulla
1041 3598 1135 3661 adest
