2542 4122
382 349 422 396 nn
443 349 571 397 omnam
591 351 674 398 susis
697 351 852 401 cruorum
1026 343 1085 405 tta

152 493 285 570 uiantes,
311 496 346 554 ut
366 493 529 556 moraliter
551 495 623 556 talis
644 499 818 560 conventus
831 497 892 558 dici
907 499 1005 577 possit
1018 501 1085 562 uni·

152 605 278 648 versam
302 587 501 648 commissam
522 588 694 648 Ecclesiam
733 589 795 667 (vel
819 581 1010 669 generalem,
1036 593 1086 654 vel

151 680 376 759 particularem
389 680 574 760 respective)
590 684 828 759 repraesentare.

194 777 225 833 3⁰
246 771 387 852 Requirit
405 775 440 834 ut
461 776 626 834 serventur
649 777 764 834 caetera
787 792 857 853 quae
878 775 1001 855 dejure
1022 795 1086 838 sar·

150 865 258 926 vanda
280 867 371 937 sunt;
395 868 431 926 ιιι
447 863 529 926 absit
549 865 646 942 fraus,
672 865 774 942 dolus,
795 867 899 944 timor,
923 868 1083 947 violentia,

152 976 224 1038 quae
245 961 372 1035 possent
391 957 543 1035 impedire
567 957 700 1018 liberam
721 959 920 1021 collationem
941 963 1087 1024 volunta·

150 1055 231 1126 tum,
248 1053 279 1111 et
298 1054 414 1111 oaetera
429 1052 507 1111 fiant
521 1050 553 1110 ιιι
575 1051 766 1112 sessionibus
784 1071 854 1132 quae
867 1053 968 1133 ajuro
981 1055 1086 1118 deter-

151 1143 273 1203 minata
291 1143 457 1205 habentur.

194 1237 259 1296 vll.
283 1236 464 1315 Requiritnr
476 1236 609 1297 solennis
622 1237 783 1318 rectificatio
797 1257 817 1298 a
830 1239 991 1318 superiore
1002 1241 1086 1303 lacta

153 1347 265 1390 corum
290 1329 429 1389 omnium
458 1347 528 1410 quae
553 1330 585 1389 in
611 1331 733 1409 synodo
757 1331 884 1392 decreta
904 1336 987 1395 sunt.
1009 1335 1085 1396 Haec

146 1425 260 1482 autem
282 1421 489 1482 observantur
507 1423 703 1501 potissimum
726 1414 830 1503 quoad
844 1425 982 1503 synodos
1001 1445 1084 1488 oecu-

151 1514 302 1575 menicas.
317 1517 395 1575 Gum
410 1515 494 1575 enim
511 1518 669 1576 Romanus
686 1517 845 1594 Pontifex,
859 1517 928 1578 aliis
942 1518 1084 1597 implica-

150 1611 204 1668 tus
218 1607 360 1686 negotiis,
372 1625 434 1668 non
446 1609 546 1669 soleat
559 1627 616 1687 per
628 1627 661 1670 se
672 1608 793 1686 synodo
807 1627 953 1688 praeesse,
961 1611 1017 1671 sed
1027 1629 1085 1689 per

149 1701 272 1778 legatos
291 1717 374 1777 suos,
391 1701 451 1761 illis
466 1705 572 1762 autem
586 1720 649 1763 non
666 1701 765 1780 possit
781 1701 927 1782 delegare
943 1703 1082 1782 singula-

149 1811 220 1852 rem
234 1793 319 1852 illam
333 1793 540 1855 assistentiam
552 1813 647 1874 quam
661 1813 681 1854 a
690 1797 754 1855 Deo
770 1794 867 1856 babet
873 1797 1081 1875 personaliter,

149 1889 269 1946 utnon
292 1889 414 1947 tantum
432 1891 585 1965 conceptu
605 1887 695 1967 juris,
723 1887 779 1946 sed
802 1905 877 1948 vere
902 1889 964 1949 dici
984 1888 1084 1966 possit

150 1979 310 2038 Romanus
332 1979 473 2039 Pontifex
496 1979 528 2038 in
555 1997 626 2040 eam
651 1978 774 2039 venisse
790 1980 1003 2056 voluntatem,
1029 1999 1082 2039 ne-

151 2088 239 2130 cessa
256 2073 350 2131 estut
368 2072 570 2149 synodalibus
586 2072 663 2132 actis
670 2071 835 2151 personalis
847 2071 931 2132 illius
950 2071 1083 2133 uoluntas

151 2162 293 2239 accedat,
314 2179 414 2242 eaque
431 2165 604 2225 confirmet.
622 2166 697 2236 Ouae
716 2163 908 2240 solemnitas,
925 2164 998 2224 licet
1011 2181 1082 2241 pos-

151 2259 255 2315 trema
278 2254 331 2331 sit,
355 2255 475 2316 caeteris
496 2256 656 2334 praevalet,
673 2255 829 2335 siquidem
841 2258 944 2334 potest
958 2259 1083 2316 antece-

152 2347 263 2408 dentes
273 2347 412 2408 defactus
421 2348 653 2410 convocationis
666 2349 716 2408 vel
725 2347 943 2410 celebrationis
956 2367 1079 2410 sanare.

194 2441 304 2512 Quoad
319 2444 450 2502 caeteras
466 2442 603 2519 synodos
617 2460 704 2518 vero,
721 2459 784 2502 non
799 2441 844 2502 ita
857 2445 1001 2504 servatur
1014 2441 1082 2504 haeo

152 2533 399 2595 confirmationis
411 2535 591 2596 necessitas.
613 2536 692 2594 Nam
707 2535 747 2594 ad
763 2531 919 2614 synodum
933 2535 1083 2595 dioeoesa·

152 2643 227 2686 nam
241 2627 326 2705 quod
348 2626 469 2703 attinet,
484 2627 571 2706 leges
583 2626 615 2686 in
630 2645 668 2686 ea
680 2626 819 2702 sancita,
833 2626 865 2685 in
879 2625 948 2704 ipsa
961 2624 1083 2703 synodo

153 2718 194 2778 ab
214 2719 362 2798 episcopo
380 2721 595 2798 approbantur
609 2723 640 2780 et
658 2719 907 2797 promulgantur.
929 2719 983 2779 Est
1000 2717 1083 2778 enim

152 2811 256 2889 potius
286 2811 451 2890 episcopus
471 2811 523 2892 qui
545 2811 578 2872 in
599 2812 719 2890 synodo
733 2810 786 2890 jus
803 2810 888 2888 dicit,
906 2829 1001 2890 quam
1015 2810 1084 2891 ipsa

152 2903 292 2981 synodus
299 2905 351 2984 jus
366 2905 460 2966 dicat.

193 2996 242 3056 Ad
257 2997 394 3074 synodos
413 3015 487 3058 vero
503 2997 710 3076 provinciales
734 2997 784 3058 vel
803 2997 977 3059 sationales
998 2998 1084 3077 quod

152 3092 283 3166 spectat,
300 3089 445 3150 voluntas
461 3089 588 3168 quidem
596 3089 655 3152 fuit
665 3090 741 3152 Sixti
756 3092 849 3169 Papae
863 3092 900 3166 V,
914 3090 1083 3151 utillarum

152 3185 224 3242 acta
247 3185 379 3242 Romam
391 3182 557 3244 mittantur
578 3201 597 3242 a
612 3185 643 3245 S.
660 3185 692 3244 G.
709 3183 831 3244 concilii
856 3181 1081 3252 examinanda;

152 3291 215 3334 non
240 3278 346 3336 tamen
368 3277 407 3336 ¹ut
430 3275 562 3353 positive
590 3275 859 3337 confirmationem
878 3273 1032 3350 recipiant
1065 3291 1085 3332 a

152 3369 295 3428 Romano
321 3367 482 3444 Pontifice,
509 3369 564 3428 sad
584 3369 662 3430 utin
686 3368 747 3428 illis
766 3367 964 3444 corrigantur
978 3363 1041 3440 illa,
1058 3363 1084 3424 si

153 3475 217 3537 qua
241 3459 322 3520 forte
337 3463 452 3536 essent,
475 3478 545 3540 quae
561 3459 811 3534 ressurectionis,
829 3457 971 3537 jurisque
984 3457 1085 3516 ecole-

151 3549 268 3613 siastici
280 3551 441 3635 principiis
450 3553 554 3615 minus
568 3553 750 3613 viderentur
764 3551 987 3610 consentanea.
1013 3591 1015 3593 -
1047 3587 1049 3594 ‹

949 3654 995 3708 ιι*
