2542 4122
236 289 294 352 232
454 304 684 352 msriruuonrs
703 305 787 352 rums
807 304 962 352 canonici.

236 445 339 525 byteri
358 446 560 521 incardinati;
583 454 673 510 extra
691 447 834 509 ordinem
858 466 933 510 vero
962 448 994 509 in
1031 447 1170 528 oppidis,

236 539 269 600 in
279 539 355 602 vicis
369 541 569 618 dioecesanis,
586 541 701 622 siquid
716 541 790 602 illue
807 542 848 602 ad
862 541 1009 603 solatium
1025 542 1173 603 christia-

238 652 350 694 norum
369 634 431 694 illic
453 634 635 714 degentium
649 635 690 696 ab
709 634 855 714 episcopo
868 633 953 696 missi
966 638 1087 696 essent.
1110 634 1172 698 Sed

238 727 318 788 adeo
337 731 405 788 erat
422 727 704 790 extraordinarium
727 727 907 808 hujusmodi
929 727 1071 788 officium
1087 726 1172 808 quod

239 823 326 882 extra
349 820 562 881 cathedralem
586 821 681 881 fiebat
694 891 695 895 Ἰ
708 820 883 898 eeclesiam,
904 823 939 881 ut
961 838 998 881 eo
1032 821 1169 899 expleto,

239 912 327 992 quasi
352 913 506 992 completa
530 913 697 989 missione,
725 913 767 972 ad
789 913 1004 974 cathedralem
1030 916 1170 974 reverte·

238 1011 366 1078 rentur;
381 1005 465 1066 unde
484 1007 633 1068 aGraecis
646 1003 839 1083 neronam,
860 1006 892 1067 id
911 1009 972 1082 est,
993 1005 1170 1068 circumva-

238 1098 760 1180 gantcsdictisunthipresbyteri.
1255 1095 1256 1098 ’

280 1191 342 1253 Sed
373 1193 456 1252 circa
482 1194 576 1252 finem
602 1193 652 1254 1v¹
678 1192 801 1269 saeculi,
830 1193 880 1253 vel
905 1190 1032 1252 initium
1059 1191 1169 1270 quinti,

239 1284 339 1364 magis
362 1285 525 1365 magisque
550 1288 641 1346 aucto
666 1285 908 1346 christianorum
934 1303 1081 1360 numero,
1105 1284 1171 1345 visa

239 1377 431 1456 estamplius
446 1395 508 1438 non
524 1378 665 1438 sufficere
681 1396 744 1438 una
758 1378 811 1438 illa
820 1376 951 1438 ecelesia
961 1377 1170 1450 cathed1nlis3

238 1469 472 1530 incommodum
486 1471 601 1550 quippe
620 1470 712 1531 nimis
731 1474 814 1547 erat,
831 1470 881 1531 vel
899 1470 986 1549 quod
1008 1470 1171 1531 christiani
1256 1527 1257 1544 ,

239 1581 259 1622 a
280 1561 404 1622 civitate
422 1563 589 1642 episcopali
605 1563 703 1624 dissiti
721 1563 762 1624 ad
782 1563 869 1624 illam
888 1561 1060 1624 convenire
1080 1581 1173 1642 coge·

141 1729 143 1732 Ι
239 1656 358 1730 rentur,
370 1658 405 1716 ut
417 1661 613 1716 sacramenta
627 1655 830 1735 susciperent,
846 1655 896 1715 vel
907 1654 992 1734 quod
1005 1653 1173 1734 episcopus
1255 1703 1256 1710 1

242 1746 442 1824 presbyteros
465 1748 506 1807 ad
531 1748 599 1809 haec
626 1749 696 1810 loca
721 1747 829 1810 dissita
850 1748 1002 1826 deputare
1030 1748 1170 1808 deberet

282 1841 360 1900 Cum
372 1838 467 1917 igitur
478 1840 602 1902 reddita
616 1841 761 1902 Ecclesia
778 1859 840 1919 pax
853 1840 951 1901 libere
970 1858 1044 1900 eam
1059 1840 1174 1901 sineret
1257 1889 1258 1900 ,

242 1931 408 2010 providere
419 1951 547 1994 suorum
559 1934 694 2011 utilitati,
707 1933 783 2012 erigi
797 1936 960 2012 coeperunt
974 1933 1063 1993 aedes
1077 1949 1173 1994 sacra
1257 1945 1258 1956 ¹

243 2025 275 2085 iu
294 2024 416 2105 oppidis
435 2029 466 2086 et
480 2025 570 2104 pagis
585 2025 781 2102 dioecesanis,
800 2025 922 2104 illisque
936 2024 1105 2102 intitulari,
1121 2043 1172 2086 seu

243 2119 482 2198 inperpetuum
505 2119 608 2180 addici
630 2118 815 2198 presbyteri,
841 2123 877 2179 ut
900 2119 1172 2180 circumstantium
1258 2199 1259 2202 Ἴ

242 2211 381 2290 plebium
403 2211 594 2272 ordinariam
615 2211 809 2289 spiritualem
836 2229 945 2272 curam
968 2211 1170 2272 sustinerent.
1258 2203 1259 2260 ἶ

243 2305 280 2364 Hi
307 2303 381 2365 dicti
408 2308 480 2366 suut
503 2303 671 2384 aliquando
691 2303 863 2380 cardinales,
889 2303 963 2384 quia
983 2302 1171 2364 incardinati

244 2403 332 2456 erant
368 2397 417 2456 his
447 2397 584 2458 ecclesiis
608 2414 742 2476 quarum
773 2396 899 2457 servitio
923 2396 1170 2466 addicebantur;

244 2488 412 2568 aliquando
433 2490 540 2550 vicarii
552 2489 731 2570 presbytcri,
757 2509 812 2550 seu
833 2489 932 2550 vicani
947 2489 998 2550 vel
1020 2487 1173 2568 forastici;

245 2581 415 2662 aliquando
428 2583 552 2663 plebani
574 2583 605 2663 (a
618 2582 709 2661 plebe
724 2601 819 2663 quam
828 2580 1005 2660 regebant),
1019 2582 1072 2642 vel
1082 2589 1173 2642 recto-

245 2694 310 2752 res,·
328 2675 497 2756 aliquando
512 2675 607 2738 etiam
624 2673 882 2757 archipresbyteri,
898 2674 1052 2736 relatione
1068 2674 1173 2735 habita

245 2787 319 2829 cum
345 2769 412 2829 aliis
441 2768 631 2848 presbyteris
656 2767 866 2845 inferioribus,
905 2768 956 2830 vel
993 2767 1172 2830 sacerdotes

245 2860 362 2938 proprii
389 2861 459 2921 talis
481 2861 630 2922 ecclesia.
712 2867 715 2874 '

285 2953 512 3014 Posterioribus
535 2972 610 3016 vero
631 2953 825 3034 temporibus
841 2953 942 3032 magis
961 2953 1096 3014 invaluit
1116 2970 1173 3012 vox

245 3045 297 3106 illa
312 3064 374 3126 qua
387 3046 558 3107 hodiedum
579 3046 794 3126 designantur,
809 3065 921 3125 nempe
938 3045 1081 3126 parocbi,·
1102 3046 1172 3108 item

14 3177 15 3184 1
116 3165 118 3168 ·
245 3140 329 3202 aedes
348 3158 438 3201 sacra
454 3139 522 3219 ipsa
530 3139 712 3219 paroehialis
736 3140 854 3202 eeclesia
869 3139 954 3201 dicta
968 3143 1033 3213 est;
1050 3139 1174 3201 territo

245 3233 389 3313 riumque
403 3233 462 3292 illis
480 3233 669 3311 praelinitum
681 3232 820 3311 paroecia
831 3232 881 3292 vel
892 3230 1047 3311 parochio.

286 3328 423 3390 XXXIV.
441 3327 515 3386 Haec
530 3325 694 3404 disciplina
708 3325 808 3386 serius
825 3323 959 3386 obtinuit
972 3324 1005 3384 in
1016 3323 1086 3402 ipsa
1099 3323 1174 3383 urba

246 3419 431 3500 episcopali;
466 3436 580 3497 nempe
610 3437 667 3497 pro
694 3418 835 3480 fidelium
871 3417 1015 3493 utilitate,
1061 3419 1175 3495 praeter

247 3512 411 3573 ecclesiam
426 3510 637 3572 cathedralem
651 3530 706 3572 seu
718 3511 892 3587 matricem,
905 3528 975 3590 quae
988 3511 1057 3572 erat
1068 3508 1175 3571 titulus
