2542 4122
368 363 407 410 ns
429 361 557 426 omnam
578 359 660 408 rums
682 359 838 410 euuonror.
1010 349 1069 410 275

136 506 205 578 titia
218 505 335 571 electis.
354 505 499 570 Membra
510 505 594 566 illins
606 508 680 567 sunt
692 505 796 586 major
808 505 1067 585 poenitentiarins‚

135 599 303 680 pannus
322 599 493 678 signatura
504 599 645 680 justitia,
662 599 829 665 cardinalis
841 599 988 676 uacuus,
1002 599 1070 660 alii·

137 713 200 774 qua
217 693 393 762 cardinales
417 711 496 772 quos
524 692 619 772 elegit
639 699 765 754 amotus
786 693 938 770 Pontifex,
954 691 1069 772 quique

136 787 302 867 pauciores
326 787 401 848 olim
424 804 578 848 essenon
602 786 745 849 solebant
770 804 865 865 qnam
891 785 1067 848 duodecim.

136 883 257 942 hoster
277 879 335 940 hos
350 885 422 940 sunt
443 879 538 940 ctiam
553 878 720 944 duodecim
740 880 874 958 praelati,
891 878 944 958 qui
958 880 1071 942 suffra·

137 974 228 1052 glum
250 973 357 1034 ferunt
381 975 413 1034 et
433 979 563 1034 vetantes
584 971 740 1045 dicuntur,
758 975 789 1034 et
810 976 883 1036 sunt
902 972 1001 1034 iidem
1016 971 1071 1050 qui

137 1069 246 1220 ἔξω
264 1064 383 1126 habent
406 1065 438 1126 in
457 1065 619 1145 signatura
636 1065 776 1146 justitiae.
793 1065 956 1130 Accedunt
975 1063 1071 1130 ctiam

474 1287 687 1346 masculam
705 1289 736 1346 ll.

424 1445 459 1486 ltu
476 1443 588 1486 effluis
606 1444 783 1490 COERIGORIJH·
842 1478 846 1486 .

123 1563 129 1574 ⁸
179 1575 370 1642 clericorum
394 1578 497 1640 officia
520 1579 686 1659 dupliciter
706 1582 837 1662 possunt
852 1579 1068 1642 considerari:

137 1671 189 1736 vel
212 1671 314 1732 officia
337 1671 532 1752 singulorum
553 1673 739 1737 elericorum
754 1673 882 1754 propria
896 1673 1009 1753 quihus
1025 1676 1072 1734 te-

136 1767 253 1826 nentur
266 1765 298 1824 in
313 1764 417 1844 specie
427 1765 547 1826 ratione
557 1748 695 1828 muneris
708 1765 922 1848 specialisque
935 1766 1072 1848 fungun-

136 1861 191 1920 tur
204 1858 237 1918 in
249 1857 400 1935 Ecclesia,
417 1857 467 1919 vel
480 1857 583 1919 officia
598 1859 737 1919 omnium
750 1859 934 1920 clericorum
943 1857 1071 1940 propria

136 1951 171 2014 vi
185 1953 284 2012 status
305 1967 365 2030 quo
388 1968 496 2012 omnes
511 1951 543 2011 iu
565 1969 622 2014 suo
639 1950 811 2029 respective
834 1950 935 2029 gradu
948 1949 1072 2030 partici-

136 2046 226 2124 pant.
245 2043 307 2105 Sed
321 2043 415 2122 primi
436 2042 561 2122 generis
575 2041 785 2122 investigatio,
801 2042 840 2102 de
854 2041 964 2104 officiis
986 2041 1072 2102 cleri-

137 2154 248 2198 corum
262 2135 294 2196 in
306 2137 420 2215 specie,
437 2135 566 2216 propria
576 2139 623 2202 est
636 2135 829 2198 tractationis
844 2133 987 2216 specialis
1002 2149 1072 2212 quac

137 2247 254 2308 nempe
269 2229 438 2308 separatim
453 2229 632 2296 considerat
653 2227 757 2290 officia
777 2227 1006 2310 episcoporum,
1021 2243 1074 2286 ca-

46 2319 48 2326 ’
135 2321 336 2399 noniccrum,
351 2321 562 2401 parochorum
578 2325 609 2384 et
621 2321 753 2384 aliorum
767 2337 934 2382 muncrum
947 2318 1072 2380 clerica-

134 2416 229 2492 lium3
247 2415 382 2496 ideoque
403 2415 566 2477 commode
588 2417 690 2494 potest
714 2413 938 2476 maturioribus
961 2411 1072 2474 studiis

135 2508 305 2571 reservari.
336 2509 444 2570 Altera
458 2512 563 2570 autem
586 2526 683 2588 quum
698 2527 761 2572 non
781 2507 957 2569 consideret
969 2505 1073 2568 officia

137 2601 327 2664 clericorum
346 2601 378 2662 in
400 2605 554 2682 quantum
568 2603 642 2662 sunt
666 2601 771 2662 officia
794 2596 1072 2678 singulorumscd

137 2693 245 2757 officia
254 2695 380 2773 propria
390 2699 489 2756 status
502 2694 653 2756 clericalis
665 2694 697 2754 in
710 2691 879 2771 communi,
894 2710 932 2752 ea
945 2689 1073 2770 propria

137 2791 189 2850 est
201 2787 365 2866 praescntis
377 2787 585 2850 tractationis.

391 2995 394 2998 .
468 2947 573 2999 CAPUT
590 2945 728 2999 FRlMUM.

296 3087 329 3128 DE
345 3087 458 3128 OFFICIIS
478 3088 585 3128 OMNIUM
603 3087 771 3130 cunalconull
789 3087 919 3128 PROPRIIS.

181 3205 205 3268 1.
230 3205 293 3269 Sed
313 3210 345 3270 et
359 3207 427 3285 ipsa
443 3211 542 3272 status
555 3206 707 3270 clericalis
719 3207 885 3287 dupliciter
897 3203 1047 3284 accipitur
1062 3221 1074 3265 :-
1150 3283 1153 3292 Ι

138 3301 175 3360 in
186 3317 313 3378 genere,
329 3300 380 3360 vel
402 3301 434 3359 in
455 3301 568 3378 specie.
585 3301 634 3362 Ad
648 3301 785 3380 primum
802 3304 945 3378 spectant
965 3313 1074 3358 omnes

140 3391 302 3464 cdrmtiani
319 3393 359 3454 ab
376 3410 413 3456 co
427 3393 477 3456 die
491 3411 552 3473 quo
565 3413 622 3473 per
638 3395 812 3458 solemnem
823 3391 1007 3470 capillorum
1022 3389 1075 3448 de-

138 3485 370 3560 tonsionsmet
382 3485 533 3546 clericalis
547 3487 642 3548 vestis
661 3485 859 3565 impositione
871 3483 911 3544 ab
927 3481 1074 3562 episcopo

140 3578 348 3662 suscipiendis
369 3579 530 3642 ordinibus
554 3579 725 3642 initiantur.
742 3581 787 3640 Ex
808 3594 845 3639 eo
867 3575 950 3638 enim
969 3577 1019 3638 die
1042 3576 1074 3638 in
