2518 4144
324 330 431 378 tomos
452 331 604 377 sentinus
625 330 707 376 rums
730 329 883 378 cruorum.
1028 319 1067 378 61

130 477 200 538 suis
215 474 436 554 peculiaribus,
452 475 508 536 sed
524 475 563 536 de
578 475 662 538 statu
677 473 736 534 sibi
754 473 901 554 subjectae
912 473 1067 536 societatis

131 571 323 648 disponunt,
340 569 399 630 sub
414 587 452 628 ea
463 586 611 646 expresse
623 567 785 628 voluntate
797 569 832 628 ut
844 567 1066 628 concordatum

130 669 286 742 tanquam
299 662 349 722 lex
364 661 478 726 debeat
488 661 529 722 ab
545 660 690 722 omnibus
704 659 833 720 servari.

172 759 246 817 Haec
257 755 467 834 promulgatio
486 755 554 814 fita
574 756 728 832 potestate
746 752 846 826 civili;
868 753 925 813 sed
943 755 1063 830 tamon,

131 867 232 930 quum
254 867 292 908 ex
312 847 474 927 utriusque
489 846 681 908 auctoritatis
700 846 907 908 conventione
932 845 999 907 haro
1019 846 1066 906 lox

114 941 287 1022 'procedat
311 944 342 1003 et
363 959 419 1020 pro
447 942 531 1002 bono
558 940 716 1001 communi
741 943 807 1000 tum
829 937 976 1000 Ecclesiae
1001 943 1066 1000 turn

132 1037 241 1098 Status
251 1035 321 1094 laici
330 1034 458 1110 feratur,
470 1037 643 1113 mutuoque
649 1033 811 1113 ut1iusque
819 1031 981 1112 potestatis
992 1050 1067 1093 oon-

130 1146 227 1190 sensu
242 1129 398 1203 sumetur,
416 1126 489 1186 inde
505 1127 649 1206 estquod
669 1145 726 1187 nec
742 1126 845 1206 prouti
866 1145 951 1188 merc
969 1125 1067 1186 eccle·

131 1222 269 1298 siastica,
287 1239 344 1280 neo
363 1219 467 1299 prouti
487 1239 573 1280 mero
593 1219 692 1280 civilis
710 1220 761 1280 lex
782 1219 924 1300 jubenda
943 1219 993 1296 sit,
1010 1219 1064 1279 sod

130 1315 171 1376 de
182 1317 296 1374 natura
310 1313 473 1392 utriusque
484 1313 686 1392 participans.

170 1409 326 1486 Respecto
340 1407 381 1466 ad
401 1406 595 1485 provinciam
615 1406 858 1468 ecclesiasticam
879 1407 928 1468 vel
948 1406 1064 1468 dileco-

129 1501 190 1562 sim
202 1519 259 1579 pro
272 1518 334 1579 qua
345 1499 454 1576 fertur,
466 1503 619 1579 tanquam
629 1500 678 1560 lex
693 1499 903 1562 ecclesiastica
916 1499 1063 1561 habenda
1111 1493 1116 1502 ’

128 1599 194 1668 est;
211 1595 356 1672 respectu
375 1595 481 1654 autem
494 1593 534 1654 ad
548 1611 697 1672 reguum,
714 1597 866 1672 tanquam
887 1593 936 1654 lex
951 1593 1060 1654 civilis.

128 1687 196 1750 Sub
207 1687 308 1766 primo
324 1689 479 1764 respectu,
494 1686 667 1747 notandum
678 1690 725 1748 est
737 1706 785 1763 ea,
804 1703 873 1766 quae
889 1686 928 1746 dc
939 1685 1062 1764 legibus

127 1778 347 1842 ecclesiasticis
359 1779 599 1856 particularibus
612 1779 863 1858 supradiximus,
876 1779 917 1842 ad
933 1797 1063 1840 eoncor-

127 1875 206 1935 data
216 1877 368 1951 spectare.

170 1969 208 2026 X.
230 1968 307 2028 Cum
319 1984 382 2026 non
397 1965 495 2044 possit
507 1967 732 2030 concordatum
743 1965 835 2026 unius
851 1969 976 2028 tantum
991 1983 1063 2025 con-

127 2058 343 2121 contrahentis
357 2059 518 2120 voluntate
535 2059 712 2136 detrectari,
729 2059 801 2119 inde
816 2059 958 2138 sequitur
979 2057 1063 2136 quod

126 2152 254 2212 articuli
265 2151 398 2231 organici
410 2156 441 2214 et
462 2151 525 2212 alie
548 2151 701 2232 ejusmodi
722 2151 838 2229 placita
857 2168 926 2230 quae
947 2147 1063 2208 acivili

126 2247 286 2324 potestate
305 2243 377 2304 ferri
395 2245 510 2321 solent,
533 2245 590 2304 snb
615 2245 744 2306 obtentu
768 2243 871 2322 ipsum
891 2239 1063 2303 concorda-

126 2343 198 2400 tum
209 2336 444 2415 interpretandi,
469 2337 597 2398 minime
612 2340 743 2416 possunt
756 2340 906 2416 tanquam
919 2333 1062 2416 ejusdem

126 2429 345 2508 interpretatio
360 2429 488 2504 haberi;
509 2429 583 2510 quia
595 2430 770 2509 procedunt
786 2431 826 2492 ab
846 2429 938 2492 unius
957 2431 1062 2490 auoto-

126 2523 223 2586 ritate
233 2522 299 2586 sine
315 2541 468 2586 consensu
481 2523 618 2586 alterius.

500 2687 629 2748 CAPUT
651 2687 687 2748 V.

232 2853 270 2896 on
296 2851 396 2898 iacun
418 2853 714 2898 nccnnsmsmcnnuu
737 2851 960 2898 nurocnrroun.

171 2989 194 3047 1.
211 2987 472 3066 Quandoquidem
487 2989 663 3049 constantia
675 2993 722 3050 est
734 3007 831 3048 unum
842 2988 881 3048 de
896 2985 1062 3067 praecipuis

126 3079 288 3141 attributis
302 3081 419 3160 legum,
433 3081 529 3142 semel
540 3100 577 3142 ac
587 3082 637 3142 lex
647 3082 732 3160 edita
741 3081 835 3142 fuerit
845 3081 1061 3143 communitati

127 3173 322 3235 sufficienter
342 3173 551 3252 manifestata,
575 3174 642 3256 ejus
657 3175 806 3256 obligatio
821 3178 974 3254 perpetua
993 3192 1062 3252 per-

126 3271 263 3328 severat.
283 3269 360 3344 Hoc,
378 3267 464 3347 quod
479 3267 518 3328 de
533 3269 678 3329 omnibus
692 3269 814 3348 legibus
834 3269 958 3343 dicitur,
975 3269 1006 3326 et
1019 3265 1061 3323 le-

127 3361 221 3441 gibus
234 3360 350 3422 nostris
360 3361 520 3440 compet‘t,
537 3365 568 3424 et
577 3362 652 3441 ipsae
665 3381 702 3424 eo
713 3363 780 3442 ipso
793 3363 877 3443 quod
891 3361 953 3421 sint
963 3359 1059 3435 leges,

127 3456 291 3534 perpetum
308 3457 339 3516 et
353 3457 532 3517 constantes
546 3459 628 3517 sunt.

170 3547 235 3609 Sed
250 3565 307 3627 pro
322 3548 411 3610 varia
425 3548 529 3630 specie
554 3550 660 3632 legum
679 3547 960 3612 ecclesiasticarum
974 3543 1061 3608 vario
