2518 4144
297 395 404 444 scores
427 396 579 446 senciens
600 396 683 446 runis
708 397 861 448 errorum.
1009 385 1049 452 tt

111 541 243 604 unicam
256 542 379 604 civilem
395 541 624 621 auctoritatem,
640 543 672 604 in
692 541 740 602 his
763 543 953 624 regionibus,
978 565 1047 628 quae

111 639 224 716 posset
235 655 289 698 eos
300 637 381 697 tueri
395 640 426 698 et
438 637 618 698 defendere.
631 637 721 698 Unde
731 655 865 715 regnum
878 643 1048 718 temporale

111 729 220 808 reipsa
243 729 413 790 obtinuisse
434 730 492 790 visi
515 734 597 807 sunt,
610 749 682 790 oum
692 730 841 792 nominali
864 735 1047 794 tantumde-

110 823 288 900 pendentia
300 822 340 882 ab
353 823 605 902 imperatoribus,

153 918 230 976 Haec
244 934 319 976 vcro
332 915 401 994 ipsa
411 916 631 994 dependentia,
646 936 708 978 sec.
722 917 802 996 Vlll,
811 919 870 980 sub
880 919 1050 998 imperato-

111 1009 203 1068 ribus
225 1008 433 1085 iconoclestiS,
450 1012 553 1070 Leone
568 1011 705 1070 Isaurico
730 1015 761 1071 et
775 1013 977 1074 constentino
993 1017 1051 1074 Co·

110 1120 282 1182 pronymo,
311 1105 405 1180 rupta
429 1107 485 1179 cst,
510 1104 592 1164 fecto
619 1104 758 1182 ipsorum
781 1107 969 1184 populorum
996 1107 1048 1186 qui

76 1232 79 1237 ·
111 1194 307 1256 unanimiter
325 1197 435 1256 contre
450 1195 631 1276 hujusmodi
660 1197 861 1276 tyrannidem
876 1199 1050 1260 insurrexe-

111 1291 199 1348 runt.
221 1287 310 1348 Unde
330 1288 448 1348 factum
468 1293 525 1366 est,
543 1290 627 1351 circe
649 1289 813 1351 dimidium
827 1292 920 1372 hujus
940 1293 1046 1370 seculi,

113 1385 150 1442 ut
165 1380 298 1440 Romani
313 1381 477 1442 Pontifices
492 1382 706 1462 independens
721 1383 886 1462 imperium
908 1386 1049 1447 obtinue-

112 1474 189 1534 rint.
212 1473 302 1544 Quod
322 1474 417 1534 etiam
436 1495 456 1535 a
469 1478 662 1536 Francorum
679 1477 811 1536 ducibus
836 1479 946 1540 Garolo
969 1481 1049 1540 Mar·

111 1567 201 1644 tello,
227 1566 358 1644 Pippiuo
387 1571 418 1628 et
441 1568 552 1628 Garolo
576 1570 702 1648 Magno,
729 1589 825 1648 quum
844 1571 1049 1634 imminebant

112 1660 316 1739 Longobardi
336 1660 503 1739 principer,
532 1661 709 1722 restitutum
730 1665 761 1722 et
786 1663 969 1742 ampliatum
990 1669 1047 1742 est,

114 1755 218 1815 donee
233 1772 314 1814 anno
327 1757 397 1830 800,
411 1753 580 1832 imperium
593 1754 797 1832 occidentale,
816 1757 899 1836 quod
914 1758 972 1818 sub
985 1763 1049 1819 Au-

113 1847 241 1928 gustulo
253 1851 440 1924 cessaverat,
453 1847 485 1906 in
498 1848 607 1908 Garolo
618 1849 731 1927 Magno
745 1849 993 1930 redintegratum
1005 1855 1052 1911 est

115 1959 135 2000 a
150 1943 304 2020 potestate
318 1940 538 2017 ecclesiastica,
561 1940 610 2000 cui
623 1942 748 2002 tuendae
761 1947 792 2004 et
811 1943 985 2004 exaltandos
1000 1945 1053 2003 de·

117 2034 258 2094 dicatum
275 2037 331 2095 est.

159 2129 198 2188 V.
222 2130 309 2188 Nova
339 2128 484 2189 efferbuit
517 2125 693 2206 persecutio
731 2146 908 2208 novumque
935 2128 1052 2188 bellum

117 2219 288 2282 excitatum
312 2223 358 2282 est
381 2239 401 2280 a
415 2220 521 2281 saeculi
536 2219 730 2298 principibus
749 2223 860 2280 contra
880 2218 1053 2280 Ecclesiam

116 2313 175 2374 Dei
201 2313 315 2374 saeculo
338 2315 389 2374 Xl.
416 2313 586 2394 Principes,
609 2310 812 2392 nonquidem
834 2312 960 2374 exodio
980 2311 1052 2372 lidei

117 2425 216 2488 quam
229 2407 287 2485 ipsi
303 2407 542 2486 profitebantur,
559 2406 614 2467 sed
642 2406 799 2486 quaedam,
816 2409 851 2466 ut
872 2406 915 2467 ita
936 2405 1050 2484 dicam,

116 2499 313 2562 auctoritatis
336 2500 492 2580 zelotypia
517 2499 605 2576 moti,
632 2499 805 2560 Ecclesiam
831 2519 894 2560 uon
919 2499 1052 2578 amplius

115 2599 270 2674 tanquam
284 2597 418 2654 matrem
433 2593 573 2654 venerati
593 2596 675 2670 suut,
692 2591 747 2652 scd
762 2592 848 2652 illam
862 2593 971 2653 timere
987 2611 1051 2652 cm-

115 2689 234 2766 perunt
251 2691 402 2766 tanquam
417 2686 573 2747 aemulam.
591 2688 761 2764 Propterea
784 2703 847 2745 uon
859 2684 993 2764 amplius
1005 2683 1047 2744 illi

116 2780 305 2859 obsequium
326 2780 462 2840 filiorum
492 2778 650 2856 exhibere,
671 2778 726 2839 sed
750 2777 904 2840 hostiliter
922 2777 1050 2838 insidias

116 2878 229 2936 contra
241 2893 311 2934 eam
319 2892 431 2952 parare
440 2875 613 2951 coeperuut,
621 2875 657 2932 ut
663 2871 736 2952 jura
744 2890 814 2951 quae
824 2872 956 2933 heberet
964 2891 1051 2934 usur·

116 2972 241 3048 parent,
263 2968 479 3046 divitiasquas
494 2970 586 3028 nacta
601 2969 684 3026 esset
702 2965 862 3043 tollerent,
878 2969 912 3026 ut
932 2965 1052 3026 emrolr's

116 3060 212 3142 hujus
221 3061 368 3122 Ecclesiae
378 3061 559 3137 auctoritas,
573 3077 634 3139 quo
643 3057 822 3136 fieriposset
833 3059 939 3136 modo,
949 3059 1052 3120 detur-

114 3153 256 3215 haretur.

157 3250 225 3309 Hoc
240 3247 360 3326 primns
374 3245 539 3309 attentavit
552 3247 705 3307 Henrieus
727 3248 779 3324 lv,
798 3245 971 3307 Germania
984 3263 1049 3320 rex,

116 3341 170 3421 qui
196 3341 255 3402 sub
283 3342 414 3402 obtentu
428 3340 573 3401 tradendi
598 3340 799 3402 invest'turas
814 3340 965 3415 feudaleS,
982 3353 1051 3416 quae

117 3435 351 3514 episcopatibus
371 3438 403 3495 et
420 3433 553 3495 abbatiis
567 3433 600 3494 in
612 3433 793 3514 regionibus
808 3433 867 3493 illis
884 3431 1051 3510 conjunge-

115 3528 244 3605 bantur,
270 3527 465 3591 investiendo
489 3545 546 3606 per
567 3528 739 3589 solemnem
759 3525 863 3586 baculi
887 3521 1051 3600 pastoralis
1073 3553 1077 3560 ·

116 3622 288 3707 annulique
304 3621 521 3701 traditionem,
535 3620 610 3704 jura
625 3619 771 3682 Ecclesiae
786 3615 914 3696 propria
927 3613 1051 3680 sibimet
