2518 4144
242 332 281 394 26
451 345 680 396 msurunrouas
700 349 782 396 runis
805 349 958 398 cenorum.

244 507 311 550 esse
332 507 418 550 mere
436 489 693 570 monarchiam,
712 493 768 554 sed
793 496 935 554 constare
956 492 1164 556 monarchiam

244 581 348 661 aliquo
360 583 513 646 elemento
522 583 735 646 aristocratiae
743 588 960 664 temperatam.
969 586 1097 648 Ethanc
1107 605 1164 648 sen-

243 675 374 736 tentiam
395 677 561 737 adstruunt
575 695 614 736 ex
629 677 684 738 illa
703 677 818 756 duplici
833 677 998 739 collatione
1013 679 1165 756 potestatis

244 786 263 828 a
277 767 398 829 Christo
415 769 517 846 facta,
533 771 563 829 et
581 787 618 828 ex
631 769 737 829 divina
757 769 949 831 institutione
964 769 1163 849 episcopatus.

283 859 315 921 2⁰
330 861 401 938 Alii,
419 879 491 922 cum
515 861 667 922 cardinali
682 862 784 940 Ursic,
808 861 865 922 etsi
880 862 912 921 in
932 862 1064 924 dubium
1076 863 1166 924 nenti-

245 972 340 1032 quam
351 957 465 1015 vocent
477 971 546 1033 quae
560 957 654 1016 antea
668 954 802 1014 diximus
824 955 863 1014 dc
879 954 999 1034 origine
1013 955 1165 1034 potestatis

245 1045 440 1125 episcopalis,
460 1046 661 1108 nihilominus
675 1047 868 1108 arbitrantur
880 1065 917 1108 ea
931 1047 1009 1108 nihil
1024 1047 1165 1128 impedire

245 1138 412 1218 quominus
428 1139 574 1200 Ecclesia
595 1141 736 1220 regimen
758 1139 881 1201 dicatur
895 1140 926 1200 et
940 1140 980 1200 sit
994 1140 1166 1220 simpliciter

244 1230 491 1292 monarchicum.
507 1234 594 1294 Hanc
604 1234 771 1295 adstruunt
785 1231 973 1293 sententiam
987 1253 1026 1294 ex
1041 1252 1080 1295 eo
1092 1231 1165 1313 quod

244 1324 277 1384 in
289 1323 430 1384 Ecclesia
443 1343 584 1385 summus
598 1325 743 1405 princeps
758 1323 906 1387 aGhristo
914 1325 1102 1388 constitutus
1116 1327 1163 1399 est,

246 1416 299 1498 qui
321 1416 465 1477 omnibus
489 1417 663 1496 imperandi
687 1419 875 1496 potestatem
895 1417 1017 1496 hahet,
1046 1421 1080 1480 et
1099 1415 1164 1478 nulli

246 1509 409 1590 subjicitur
426 1529 432 1570 :
449 1508 601 1590 haecergo
616 1510 785 1572 auctoritas
799 1508 1164 1572 divinituscollatainsuo

246 1602 392 1664 exercitio
417 1601 545 1663 minime
570 1606 617 1664 est
638 1602 774 1664 obnoxia
801 1603 932 1682 collegio
957 1603 1165 1684 episcoporum

248 1695 303 1755 sed
313 1695 537 1773 independens,
550 1699 644 1775 atque
655 1715 721 1757 cere
730 1715 764 1756 cc
772 1696 895 1776 proprie
908 1715 1052 1776 suprema.
1118 1743 1120 1748 -

288 1786 689 1867 Circahancqnaestionem‚
705 1787 833 1850 evidens
842 1792 898 1866 cst,
911 1789 1084 1850 l⁰formam
1097 1786 1164 1866 regi-

247 1879 413 1940 minisesse
421 1880 666 1955 monarchicam3
678 1883 801 1943 constat
810 1881 956 1944 exdiotis.
966 1882 997 1944 Si
1006 1881 1164 1963 aliquando

248 1975 385 2052 potestas
409 1989 556 2052 suprema
582 1977 745 2035 exercetur
764 1993 785 2034 a
807 1974 937 2036 concilio
961 1976 1119 2055 generali,
1139 1971 1165 2032 id

248 2083 311 2128 non
330 2066 366 2127 tit
379 2065 446 2126 sine
461 2065 672 2146 dependentia
686 2085 705 2128 a
719 2069 860 2129 Romano
873 2067 1033 2130 Pontifice.
1051 2069 1085 2132 Si
1102 2084 1165 2128 con-

248 2159 404 2221 sideratur
421 2159 452 2220 ia
469 2157 614 2221 abstracto
627 2163 766 2239 potestas
781 2159 850 2222 haec
870 2179 1033 2240 suprema,
1056 2160 1166 2223 constat

248 2253 334 2314 illam
349 2271 416 2314 esse
430 2272 526 2314 unam
538 2253 614 2314 inse
625 2257 655 2314 et
666 2251 905 2328 indivisibilem
921 2253 947 2315 si
962 2253 1166 2316 consideratur

249 2345 440 2420 inconcreta,
456 2344 753 2408 incommutabiliter
767 2346 885 2408 residet
897 2347 929 2407 in
944 2349 1087 2409 Romano
1097 2349 1166 2408 Pon·
1230 2356 1231 2391 t

248 2435 342 2512 tifice,
367 2435 419 2514 qui
442 2454 512 2496 eam
531 2455 587 2498 suo
612 2439 765 2503 arbitratu
788 2459 934 2502 exercere
955 2443 1068 2520 potest.
1095 2442 1165 2517 llrgo

228 2527 376 2588 'minime
390 2528 573 2609 ambiguum
587 2533 634 2592 est
648 2531 723 2612 quin
744 2533 885 2614 regimen
900 2533 1047 2596 Ecclesiae
1063 2529 1165 2610 simpli·
1226 2584 1227 2599 2

250 2620 328 2682 citer
338 2622 575 2684 monarchlcnm
587 2623 648 2685 dici
662 2625 785 2688 debeat.
931 2697 933 2702 ,

288 2718 320 2776 2⁰
335 2715 491 2795 Episcopi,
500 2715 574 2778 licet
585 2735 648 2778 non
663 2716 725 2778 sint
732 2718 888 2797 simplices
902 2719 1038 2800 delegati
1052 2721 1089 2782 R.
1100 2721 1166 2780 Pon·

249 2805 350 2884 tiliois,
368 2812 474 2869 tamen
488 2827 551 2870 non
564 2813 711 2871 exercent
723 2809 781 2871 nisi
799 2814 987 2890 potestatem
1002 2811 1118 2874 ordinis
1129 2809 1167 2869 in·

249 2898 371 2962 ferioris
398 2905 430 2962 et
462 2920 617 2980 supremae
651 2902 851 2978 obnoxiam3
887 2904 959 2965 inde
989 2905 1167 2968 constituere

250 2997 408 3073 nequeant
429 2995 619 3057 elementum
641 2995 890 3058 aristocraticum
904 2998 1030 3077 proprie
1047 2998 1165 3065 dictum,

251 3086 335 3164 quod
359 3087 477 3149 scilicet
500 3091 590 3166 parte
614 3088 808 3150 auctoritatis
830 3107 985 3169 suprema
1012 3090 1165 3169 potiretur·

249 3179 346 3240 Porro
361 3183 396 3242 ut
409 3180 550 3259 regimen
571 3180 698 3258 aliquod
721 3181 843 3242 dicatur
857 3186 912 3244 aut
926 3183 1107 3262 simpliciter
1124 3176 1168 3239 aut

249 3271 423 3332 secundum
447 3271 522 3351 quid
542 3271 807 3352 aristocraticnm,
832 3293 958 3336 necesse
974 3278 1070 3337 estut
1092 3286 1165 3352 pars,

249 3383 313 3426 non
328 3365 490 3443 potestatis
501 3364 664 3445 cujusque,
682 3367 737 3426 sed
748 3386 901 3446 supralata,
919 3369 1048 3446 anellis,
1065 3367 1167 3447 preter

250 3457 405 3538 potiorem
414 3457 599 3537 principem,
615 3458 802 3521 detineatur.
821 3461 941 3540 Ergo...

291 3553 324 3612 3⁰
343 3552 462 3612 'lamen
476 3549 501 3610 si
521 3549 590 3612 haec
611 3550 741 3630 quastio
756 3551 788 3612 in
803 3552 855 3614 illo
871 3572 965 3616 sensu
986 3553 1167 3635 intelligatur
