2540 4132
369 385 407 430 uu
429 385 559 432 onsncro
579 387 662 434 rums
685 387 839 433 cauorucr.
1013 373 1069 432 183

527 572 631 622 CAPUT
649 573 679 621 ll.

437 729 469 766 DE
481 729 645 768 mancum
658 731 774 768 ortulum.

326 861 344 895 Ι.
359 861 391 894 ne
399 873 495 896 numero
505 863 615 906 gendum
624 862 648 897 Ιι
658 862 786 899 hier-rebla
797 862 894 899 orat-tu.

178 993 201 1050 l.
215 989 399 1050 Hierarchia
412 994 533 1052 constat
545 1011 584 1051 ex
598 1010 729 1052 numero
746 996 777 1053 et
789 989 965 1052 differentia
975 989 1072 1069 pluri-

135 1101 262 1144 morum
282 1084 438 1162 graduum
464 1104 502 1144 ex
523 1102 656 1164 quorum
671 1084 856 1146 harmonica
868 1083 1070 1162 dispositione

134 1195 226 1238 sacer
235 1177 367 1238 resultat
377 1177 580 1256 principatus.
592 1180 609 1239 J
613 1197 664 1238 am
671 1196 746 1240 vero
758 1177 812 1238 illa
822 1195 916 1256 quam
926 1175 1068 1252 dicimus,

134 1269 255 1332 ordinis
273 1269 452 1330 hierarchia
480 1273 543 1330 tres
565 1271 683 1349 gradus
707 1270 934 1349 complectitur,
954 1269 1072 1348 episco-

134 1367 246 1442 patum
259 1361 386 1439 scilicet,
404 1363 657 1440 presbyteratum
673 1367 704 1424 et
724 1363 947 1437 ministerium
965 1367 998 1424 et
1012 1361 1072 1422 hoc

135 1459 184 1517 est
203 1456 242 1517 de
264 1456 337 1532 fide,
361 1455 381 1515 a
405 1455 537 1517 concilio
560 1473 673 1536 nempe
695 1457 877 1519 Tridentino
895 1456 1069 1532 definitum,

58 1594 61 1600 -
135 1549 275 1610 sessione
288 1553 337 1626 23,
351 1567 420 1610 can.
438 1552 480 1610 6⁰.

179 1643 210 1704 Si
229 1661 303 1705 vero
329 1642 411 1702 hanc
432 1642 643 1722 dogmaticam
662 1643 818 1705 theoriam
835 1644 918 1705 facto
938 1643 1072 1723 applice-

135 1755 222 1813 mus,
243 1736 349 1815 aliqua
363 1735 488 1797 videtur
503 1736 577 1798 oriri
591 1736 758 1798 difficultas
774 1756 860 1798 exeo
874 1736 958 1816 quod
974 1737 1074 1798 ecole-

134 1827 440 1908 siasticadisciplina
458 1829 490 1888 in
511 1829 627 1890 trinum
648 1848 816 1891 numerum
838 1830 984 1891 ordinum
1009 1848 1073 1891 nou

134 1922 258 1999 desinit,
284 1923 341 1982 sed
365 1923 631 2000 computationem
660 1923 744 1984 ultra
767 1924 981 2004 prosequitur,
1011 1923 1072 1984 alio

135 2015 264 2094 quidem
289 2015 384 2078 modo
412 2016 497 2095 apud
519 2019 654 2094 Graecos
678 2016 740 2078 ulio
762 2017 877 2078 iterum
890 2016 976 2096 apud
990 2014 1074 2076 Lati-

135 2127 204 2170 nos,

178 2203 276 2263 Graeci
288 2206 353 2264 tres
375 2204 591 2266 ministrorum
610 2203 728 2283 gradus
748 2201 979 2282 presbyteratui
995 2200 1073 2260 inie-

134 2295 235 2356 riores
257 2300 456 2374 computant,
483 2297 631 2358 diaconos
661 2315 789 2374 nempe,
813 2295 1022 2356 subdiaconos
1041 2298 1072 2354 et

134 2389 284 2463 lectores3
298 2390 400 2452 Latini
415 2409 489 2452 vero
508 2391 656 2470 quinque,
671 2390 790 2451 scilicet
803 2392 874 2468 post
884 2389 1031 2451 diaconos
1041 2393 1073 2450 et

135 2481 357 2562 subdiaconos
380 2483 553 2562 acolythus,
576 2483 755 2560 exorcistae,
776 2484 908 2546 lectores
930 2485 962 2544 et
980 2483 1074 2545 ostia-

135 2593 209 2636 mos

176 2670 375 2748 Quapropter
396 2671 471 2731 dum
496 2671 667 2731 concordat
688 2673 821 2748 utraque
855 2667 1018 2745 disciplina
1041 2668 1071 2727 in

132 2762 306 2823 retinendis
322 2763 473 2842 gradihus
488 2764 688 2842 episcopatus
701 2767 732 2825 et
747 2762 993 2841 presbyteratus
1010 2761 1073 2823 dis-

134 2859 243 2934 crepat
264 2855 296 2915 in
322 2856 568 2918 determinandis
600 2857 751 2936 gradibus
775 2855 868 2936 hujus
895 2855 1070 2932 ministerii,

134 2949 219 3028 quod
232 2949 273 3009 ad
289 2949 371 3009 hanc
384 2951 520 3028 pertinet
532 2949 754 3011 hierarchiam.

172 3043 209 3102 Π.
229 3043 428 3120 Quapropter
441 3043 573 3103 dubium
585 3043 646 3104 hoo
659 3043 798 3104 nascitur
812 3063 818 3104 ε
836 3046 948 3104 suntne
963 3060 1071 3103 omnes

130 3134 180 3194 isti
202 3134 367 3196 ministerii
385 3136 502 3214 gradus
525 3136 638 3197 divinae
660 3135 1072 3214 institutionisipertinent-

131 3247 170 3287 ne
180 3246 290 3288 omnes
301 3228 432 3289 adhanc
441 3229 651 3293 hierarchiam
660 3248 755 3309 quam
766 3229 934 3292 concilium
943 3227 1071 3288 Triden-

128 3321 230 3382 tinum
246 3321 323 3383 dixit
338 3341 405 3383 esse
428 3323 577 3385 divinitus
606 3323 800 3386 institutam?
825 3327 866 3386 Ut
889 3321 962 3382 huic
990 3319 1071 3378 diffi-

128 3415 236 3476 cultati
263 3416 494 3494 respondeatur
506 3464 518 3494 ‚,
540 3417 647 3496 sicque
672 3417 897 3478 determinetur
921 3429 1070 3472 numerus

126 3509 286 3587 graduum
295 3509 348 3588 qui
357 3509 486 3571 adhanc
494 3510 865 3588 hierarchiamspectant,
874 3504 1070 3567 animadver-

126 3601 258 3663 tendum
272 3606 320 3664 est
326 3602 398 3685 jure
414 3603 519 3666 divino
535 3609 650 3686 praeter
671 3621 809 3664 summos
827 3600 1025 3682 episcopatus
1040 3604 1071 3663 et
