2502 4130
337 315 377 361 DE
399 313 528 361 OBJBGTO
548 315 630 362 Jcals
652 313 808 362 aaronica
983 301 1045 365 3OE

92 459 174 520 dem
184 460 303 537 praeter
309 455 362 538 jus
378 457 578 535 defendendi,
596 457 657 518 alia
671 458 764 538 plura
773 459 839 520 sive
851 458 1038 542 honorilice,

94 553 167 614 sive
178 551 278 627 utilia,
295 551 361 612 sive
375 569 519 628 onerosa,
534 551 694 630 importat.
708 554 754 612 llx
764 552 878 636 quibus
893 553 1041 615 omnibus

91 645 224 726 juribus
237 645 287 706 vel
297 644 488 722 honorificis,
502 645 552 705 vel
565 645 750 723 commodis,
772 646 823 706 vel
836 646 987 723 onerosis,
1005 645 1039 706 ll-

93 737 1038 818 ludpraestantissimumestquodpossintpraesentareperso·

95 851 176 892 nam
189 831 293 892 clerici
307 832 359 912 qui
373 831 404 891 in
416 831 518 892 officio
531 849 621 892 sacro
630 832 670 893 ab
684 831 832 911 episcopo
843 831 1036 910 instituatur,

95 924 258 1005 siquidem
273 925 333 985 hoc
348 943 413 1003 prae
428 925 549 986 cacteris
564 925 709 986 omnibus
728 925 901 1004 proximius
916 927 1039 989 accedit

95 1017 249 1084 Ecclesiae
267 1017 499 1098 jurisdictioni,
516 1021 547 1079 et
561 1018 713 1079 indirecte
726 1018 897 1096 importare
913 1019 1038 1081 videtur

96 1111 242 1192 aliquam
254 1114 377 1190 partem
390 1109 666 1173 administrationis
681 1110 828 1174 aeclesia
849 1130 856 1171 :
873 1129 936 1191 quo
953 1112 989 1173 fit
1005 1116 1039 1174 ut

95 1204 219 1284 passim
234 1207 376 1266 auctores
386 1203 438 1284 jus
451 1207 635 1282 patronatus
648 1203 799 1264 definiant
812 1223 818 1264 z
832 1203 884 1284 jus
899 1221 1037 1283 praesen-

94 1296 188 1362 tandi
201 1297 349 1358 clericum
365 1297 406 1358 ad
421 1297 609 1358 beneficium
623 1315 751 1374 vacans,
775 1315 843 1356 rem
858 1296 1036 1374 definiendo

95 1390 204 1474 perid
218 1391 302 1476 quod
316 1390 436 1458 caeteris
451 1390 651 1471 praestantius
666 1393 723 1452 est.

139 1487 171 1545 3⁰
192 1487 258 1546 Hoc
281 1484 346 1564 jus,
366 1474 440 1546 licet
454 1484 494 1544 ab
515 1483 664 1545 Ecclesiae
690 1483 882 1562 gratitudine
901 1483 1032 1560 oriatur,

93 1580 206 1638 tamen
234 1577 266 1637 in
290 1581 442 1658 quantum
466 1577 615 1655 importat
644 1580 874 1656 consequenter
895 1577 1034 1656 aliquam

94 1669 318 1732 limitationem
331 1669 468 1731 libertati
494 1669 657 1747 Ecclesiae,
679 1670 753 1731 inde
768 1670 912 1732 odiosum
932 1674 979 1730 ast
999 1669 1032 1731 in

91 1763 179 1848 jure,
201 1781 258 1824 nec
273 1763 363 1824 facile
378 1762 596 1843 praesumitur,
614 1762 672 1823 nisi
691 1766 826 1835 constet;
848 1761 970 1824 etiamsi
992 1762 1033 1822 de

96 1874 135 1917 eo
146 1859 276 1933 constet,
286 1860 333 1918 est
346 1855 460 1917 stricta
471 1855 747 1934 interpretationis,
755 1854 1032 1934 praesumptionem
1105 1867 1108 1870 ·

94 1949 157 2010 sibi
172 1949 362 2015 contrariam
375 1948 408 2008 in
419 1947 491 2030 jure
504 1947 634 2010 habens.

486 2115 590 2171 CAPUT
607 2114 641 2169 11.

221 2275 255 2320 DE
273 2275 364 2316 vanus
382 2273 545 2312 cardamatis
563 2271 703 2312 donandus
721 2271 749 2310 IN
766 2269 906 2309 accensu.

134 2411 158 2470 l.
184 2409 272 2470 Sicut
286 2406 497 2469 ecclesiastica
512 2403 689 2486 jurisdictio
705 2401 887 2466 clericisvel
901 2399 1033 2466 seorsim

94 2503 146 2565 vel
161 2501 351 2581 collegiatim
363 2499 494 2578 sumptis
503 2497 663 2576 competit,
675 2496 720 2558 ita
733 2499 764 2557 et
770 2495 844 2576 jura
857 2495 946 2556 laicae
958 2513 1034 2556 oon*

93 2595 222 2657 ditionis
236 2595 324 2655 laicis
335 2597 403 2655 tum
416 2591 597 2671 singillatim
608 2588 890 2667 tumeollegialiter
899 2587 1033 2664 sumptis

93 2689 285 2750 tribuuntur.
311 2690 483 2766 Postquam
496 2685 594 2765 igitur
609 2682 706 2744 locuti
729 2699 837 2742 sumus
855 2679 895 2740 da
906 2675 1030 2758 juribus

94 2799 165 2861 quae
191 2781 279 2842 laicis
298 2779 480 2859 singillatim
503 2776 651 2857 spectatis
673 2776 874 2852 competunt,
895 2789 1031 2851 pronum

95 2878 143 2937 est
157 2879 192 2936 ut
207 2875 245 2935 de
257 2873 421 2935 laicalibus
433 2873 601 2951 loquamur
613 2866 763 2946 collegiis

132 2968 272 3030 Laicalia
286 2965 419 3044 collegia
437 2965 469 3024 in
487 2968 551 3025 tres
575 2961 739 3042 generales
761 2958 939 3038 categorias·
959 2977 1029 3036 pos·

95 3065 168 3123 sunt
191 3060 359 3142 distingui,
385 3075 520 3138 quarum
538 3055 641 3136 primo
659 3053 899 3133 comprehendit
924 3051 1031 3113 omnia

92 3155 246 3216 laicorum
270 3153 420 3230 collegia,
441 3169 511 3231 quae
527 3153 680 3228 tanquam
700 3166 812 3226 greges
834 3143 952 3223 pastori
975 3161 1030 3204 suo

93 3250 145 3309 vel
165 3251 318 3327 tanquam
341 3244 449 3324 plebes
470 3241 603 3322 principi
620 3239 830 3302 ecclesiastico
856 3237 1030 3299 adhaercut.

93 3341 201 3402 Altera
216 3339 376 3418 categoria
390 3331 783 3415 comprehenditpartialia
795 3329 928 3407 collegia
939 3327 1035 3390 laico

96 3453 167 3496 rum
181 3433 213 3493 in
229 3433 335 3513 aliqua
350 3429 483 3492 eeclesia
505 3428 555 3489 vel
570 3427 692 3506 capella
709 3423 860 3486 canonica
873 3421 1031 3497 instituta,

97 3531 133 3590 ut
154 3526 280 3606 pietatis
301 3525 448 3606 operibus
470 3520 621 3602 singulari
641 3518 736 3579 modo
760 3534 828 3580 sese
851 3517 1027 3580 exerceant.
