2542 4122
321 363 359 408 nu
380 363 509 410 omrem
529 363 613 411 rums
634 363 791 410 canorum.
961 351 1020 410 277

403 565 572 612 narremus
594 565 715 610 PRIMUS.

172 705 217 768 De
229 705 333 786 officiis
342 701 475 788 propriu
485 679 579 768 statua
588 707 732 768 clericales
743 707 774 766 ia
786 705 940 768 conmuni.

130 868 169 927 ll.
194 865 466 939 Quemadmodum
487 866 591 928 elerioi
608 867 641 926 in
658 867 816 928 communi
834 866 1021 929 oonsiderati

87 959 180 1020 laicis
193 959 376 1037 praeoellunt
397 960 502 1040 quoad
512 959 586 1040 jura
608 964 677 1021 tum
699 959 818 1022 ordinis
841 960 937 1038 seori,
954 963 1022 1021 tum

84 1050 330 1133 jurisdictionis,
346 1051 391 1112 ita
405 1052 589 1114 clericorum
600 1053 665 1114 vita
683 1071 810 1114 neeesse
827 1056 923 1114 estut
942 1052 1023 1114 laica

87 1143 251 1224 praecellat
269 1143 522 1222 conversatione,
543 1147 579 1206 ut
598 1145 695 1206 saeris
713 1144 872 1223 mysteriis
892 1163 1022 1208 venara-

89 1237 211 1298 tionem
230 1235 401 1297 obtineant.
419 1237 541 1309 Quanto
554 1238 638 1300 euim
651 1238 721 1316 plus
736 1237 893 1317 aoeepisse
910 1237 1023 1316 aliquis
1104 1244 1107 1250 '

87 1328 239 1405 cernitur,
261 1331 297 1390 ut
315 1327 420 1390 aiebat
442 1333 569 1392 sanatus
592 1330 770 1410 Gregorius,
792 1333 880 1392 tanto
894 1330 1022 1411 gravius

88 1423 164 1483 inde
184 1421 354 1501 judioaiur.
376 1422 465 1484 Unde
487 1423 627 1485 Christus
646 1423 751 1484 aiebat
766 1423 915 1502 apostolis
934 1425 1021 1486 :Vos

88 1513 164 1574 estis
176 1513 223 1574 sal
236 1515 346 1588 terrae3
359 1514 444 1592 quod
458 1514 483 1575 si
496 1515 543 1576 sal
557 1515 730 1593 evanuerit,
749 1515 782 1575 in
798 1534 860 1595 quo
873 1515 1022 1578 salietur?

87 1609 127 1668 ot
142 1605 259 1667 Paulus
274 1626 281 1666 :
295 1607 330 1668 In
345 1606 489 1668 omnibus
501 1608 636 1687 teipsum
653 1609 759 1688 praebe
775 1609 953 1688 exemplum
964 1607 1022 1668 bo·

89 1717 205 1762 norum
220 1717 361 1778 operum.

128 1795 170 1854 Et
184 1791 333 1854 continua
346 1794 493 1856 Eoelesiae
506 1795 646 1872 traditio,
667 1794 747 1856 sauri
764 1813 912 1872 oenones,
921 1798 953 1856 et
966 1812 1021 1855 uo-

89 1884 451 1964 vissime'frideutinum,
460 1905 536 1949 sess.
544 1888 637 1964 unde
646 1887 890 1964 Reformstione‚
901 1889 1018 1965 oap.l⁰,

91 1977 136 2039 ita
157 1973 308 2039 desorihit
328 1979 514 2040 olorinorum
534 1979 658 2040 officia:
681 2001 696 2036 a
718 1981 815 2040 Decet
836 1979 966 2040 elericos
989 1979 1021 2038 in

90 2074 210 2132 sortem
224 2071 347 2132 Domini
362 2075 490 2134 vocatos
502 2075 537 2134 ιιι
553 2071 673 2149 habitu,
689 2074 790 2151 gestu,
805 2071 939 2145 insessa,
956 2088 1023 2130 ser-

90 2181 186 2224 mons
202 2163 332 2243 aliisque
355 2164 500 2225 omnibus
516 2164 594 2226 nihil
616 2163 674 2224 nisi
690 2181 807 2243 grave,
824 2162 1023 2223 moderatum

91 2259 123 2317 et
131 2255 286 2335 religione
300 2256 428 2335 plenum
437 2274 502 2336 prae
518 2255 882 2331 seferant31aviaeiiam
897 2253 1020 2331 delicta,

91 2367 164 2428 quae
176 2349 209 2408 in
227 2349 302 2427 ipsis
320 2349 458 2409 maxima
479 2355 593 2427 essent,
606 2349 773 2428 effugiant,
789 2352 824 2411 ut
845 2365 955 2410 eorum
974 2365 1023 2409 aa·

91 2441 195 2504 tiones
210 2441 329 2502 cunetis
344 2443 477 2510 afferant
489 2443 734 2504 venerationem.
758 2465 772 2501 n

132 2537 332 2614 Quapropter
350 2553 389 2595 ex
400 2534 438 2595 iis
457 2534 525 2597 haee
539 2553 705 2615 possumus
719 2539 856 2597 statuere
870 2539 1021 2615 tanquam

91 2627 282 2708 principium
305 2628 451 2706 generale
479 2628 660 2690 dimetiendi
687 2628 790 2689 officia
813 2627 1019 2706 elericorum:

91 2722 154 2782 uita
164 2715 167 2720 ’
178 2720 321 2782 clericalia
340 2721 471 2782 omuibus
483 2722 598 2803 afferre
612 2721 694 2782 debet
716 2721 945 2796 summationem·
959 2737 1021 2798 quo
1050 2799 1053 2806 Ι

91 2817 245 2893 tanquam
267 2813 420 2894 prinoipio
438 2815 577 2896 generali
601 2817 735 2891 statuto,
763 2813 831 2876 haee
852 2816 1025 2894 sequuntur

94 2905 284 2969 corollaria:

134 3003 167 3060 1⁰
188 2999 301 3061 Omnia
312 3019 383 3080 quas
393 3001 535 3063 absolute
545 3000 748 3080 requiruntur
761 2999 965 3062 velfaoienda
976 2999 1026 3063 vel

95 3091 225 3154 vitanda
235 3093 342 3155 atvita
349 3093 500 3155 clericulis
509 3095 771 3156 omnihusafferat
778 3093 1023 3168 venerationem,

96 3202 133 3244 ea
148 3186 420 3266 comprehendunt
433 3187 582 3266 specialia
596 3186 701 3248 omnia
715 3187 818 3248 officia
828 3185 1023 3248 elericorum.

135 3279 225 3340 Unde
238 3298 276 3340 ex
286 3279 346 3340 hoo
360 3280 498 3358 generali
513 3280 678 3342 corollario
693 3280 928 3366 consequuntur
937 3277 1027 3355 plura

96 3370 199 3432 officia
212 3371 245 3433 in
259 3371 363 3452 speeie
379 3372 564 3434 olerioorum
578 3373 716 3454 propria,
729 3373 791 3434 alia
805 3371 933 3452 quidem
946 3367 1027 3447 posi-

94 3463 170 3542 tiva,
187 3465 250 3526 alia
263 3483 338 3526 vero
352 3466 509 3545 negativa.

134 3557 269 3622 Positroa
283 3579 294 3623 .·
310 3563 340 3622 1⁰
354 3559 468 3623 idonea
483 3559 604 3624 cultura
614 3562 682 3624 tum
696 3557 876 3636 seientisma,
885 3558 952 3620 tum
962 3573 1028 3620 mo·
1116 3601 1119 3606 -

184 3680 248 3727 rou.
268 3682 288 3729 ι.
764 3717 767 3727 ,
907 3666 939 3726 ιι
