2502 4130
176 285 235 348 336
354 291 358 300 ’
387 299 621 350 msrlrarlonns
641 300 723 348 tunls
745 300 900 348 abnormi.

178 434 305 494 servata
326 431 433 493 debita
460 431 654 514 subjectione
677 433 787 512 primae
812 433 897 512 sedi,
917 433 1110 496 considerari

178 527 350 606 patuerunt
362 528 514 605 tanquam
527 525 692 588 societates
705 527 853 605 perfectae
869 545 939 609 quae
958 546 1018 588 sua
1039 547 1111 608 gau-

179 619 291 680 derent
311 618 440 698 propria
465 618 673 698 auctoritate,
699 618 764 682 suis
790 619 1004 700 peculiaribus
1025 638 1113 700 rege-

180 716 290 775 rentur
302 711 434 792 legibus,
450 711 482 771 id
504 729 596 772 omne
618 712 772 776 haberent
786 712 872 794 quod
895 731 955 793 pro
968 713 1018 775 sui
1034 713 1113 774 exis-

178 805 278 868 tentia
292 809 324 867 et
333 804 541 884 perpetuitate
552 804 633 868 foret
646 805 867 868 necessarium.

219 902 255 960 5ο
284 899 417 960 Demum
444 897 603 959 manastica
641 896 808 960 hierarchia
832 899 973 981 perfecta
1005 896 1111 963 evasit.

180 991 286 1054 Prima
296 989 437 1070 periodo,
450 989 582 1070 singulae
593 991 820 1054 monacharum
829 991 957 1054 familiae
968 992 1030 1055 sub
1040 1012 1114 1073 prae·

181 1085 283 1165 posita
297 1103 353 1145 suo
365 1082 457 1144 locali
471 1102 526 1144 seu
537 1084 651 1147 abbate
665 1086 815 1165 peculiari
831 1085 1012 1148 constitutae
1027 1090 1113 1161 sunt;

142 1182 156 1206 ⁴
181 1180 350 1257 propterea
368 1175 486 1238 familia
508 1177 682 1239 monastica
705 1197 767 1240 non
782 1178 920 1240 babebat
942 1179 1004 1239 nisi
1020 1197 1116 1240 unum

181 1269 367 1332 hierarchiae
387 1268 542 1348 gradum,
570 1270 716 1334 videlicet
737 1272 884 1334 abbatem
904 1290 962 1332 seu
993 1276 1116 1352 patrem

182 1363 264 1424 illius
276 1361 412 1423 familiae.
432 1362 577 1424 Secunda
589 1367 695 1426 autem
705 1364 847 1444 periodo,
856 1363 926 1426 haeo
938 1365 1117 1426 hierarchia

181 1455 349 1536 perfectior
362 1455 472 1532 evasit,
488 1455 605 1518 scilieet
624 1460 695 1538 post
715 1458 974 1518 reformationem
992 1458 1117 1520 Clunia-

183 1567 309 1642 censem
329 1552 361 1610 et
383 1549 620 1611 cisterciensem
638 1571 644 1612 :
662 1551 705 1612 illi
724 1551 969 1612 introduxerunt
984 1551 1119 1612 abbatem
1226 1537 1227 1620 l

181 1641 357 1721 generalem,
373 1641 431 1720 ipsi
445 1642 544 1722 capita
553 1645 703 1724 generalia
713 1645 854 1706 omnium
871 1644 1028 1706 ahbatum
1038 1646 1120 1706 loca·
1226 1665 1227 1708 1

182 1734 299 1890 lluidda
307 1828 484 1892 hierarchia
493 1819 874 1894 monasteriorumhabuit
883 1830 965 1892 duos
977 1831 1117 1910 gradus:

182 1923 325 1984 infimum
343 1925 375 1984 et
394 1941 586 2002 supremum.
615 1925 725 1986 Nullus
748 1924 852 1985 adhuc
871 1927 940 1984 erat
958 1924 1121 1985 institutus
1226 1915 1227 1994 ζ

183 2016 388 2080 intermedius
407 2017 600 2080 auctoritatis
622 2017 750 2097 gradus,
771 2017 823 2096 qui
838 2015 993 2096 originem
1010 2016 1122 2078 habuit
1226 2053 1227 2104 3

184 2111 306 2191 epocha
325 2111 487 2191 praesenti,
502 2111 649 2172 videlicet
665 2110 858 2172 institutione
877 2110 1013 2171 fratrum
1036 2128 1122 2170 men·
1226 2131 1227 2136 ¹

184 2204 367 2266 dicentium.
398 2203 583 2284 Huiusmodi
612 2203 752 2280 ordines,
779 2206 909 2282 propter
931 2203 1122 2265 latissimam

184 2316 295 2359 earum
319 2297 537 2375 diffusionem,
563 2301 678 2376 prater
702 2295 905 2376 praepositum
929 2296 1069 2358 localem
1093 2299 1123 2358 et

184 2391 390 2469 prepositum
402 2390 603 2470 generalem,
627 2390 766 2452 habuere
782 2389 980 2470 praepositum
994 2390 1123 2470 pracia-
1226 2439 1227 2450 ,

184 2483 298 2545 cialem.
331 2483 382 2544 Sic
415 2483 614 2545 Franciscani
642 2483 781 2545 habuere
811 2502 903 2544 suum
931 2483 1121 2563 magistrum
1226 2497 1227 2562 ζ

184 2579 457 2660 generalem‚su0s
467 2577 684 2656 provinciales
695 2579 886 2658 suosque,ut
896 2576 1016 2653 dicunt,
1025 2595 1122 2656 guar·

185 2672 309 2746 dianas3
350 2671 599 2751 praedicatores,
637 2689 728 2731 suum
760 2671 948 2750 magistrum
985 2688 1121 2750 genera·
1226 2671 1227 2690 ³

183 2767 257 2842 lem,
282 2769 358 2839 etc.;
374 2764 601 2845 Augustianani
615 2767 646 2825 et
661 2763 855 2840 Carmelitae,
872 2781 965 2824 suum
981 2763 1121 2842 priorem
1226 2777 1227 2834 3

184 2859 376 2939 generalem,
385 2862 444 2920 etc.
463 2859 514 2920 Sia
526 2863 557 2920 et
571 2857 655 2939 apud
664 2856 837 2919 monachas
852 2857 978 2917 fuerunt
989 2856 1119 2917 abbates

185 2951 358 3034 generales,
385 2951 515 3012 abbates
536 2950 798 3012 monasteriorum
820 2953 851 3012 et
873 2949 995 3029 priores
1021 2949 1119 3010 olaus·
1226 2955 1227 3004 l

185 3047 289 3110 trales.
308 3045 359 3107 Sic
371 3047 402 3106 et
418 3044 596 3106 introducta
616 3046 690 3105 sunt
701 3044 804 3123 capita
819 3041 1040 3122 provincialia,
1058 3058 1119 3102 ser

185 3144 260 3204 vata
271 3138 417 3218 analogia
433 3156 502 3217 quae
513 3136 647 3200 habetur
657 3137 689 3198 in
700 3137 841 3199 Ecclesia
850 3137 931 3198 inter
944 3134 1120 3197 ordinarios
1226 3163 1227 3214 3

186 3238 218 3297 et
230 3232 364 3313 collegia
379 3230 535 3292 clericalia
547 3249 617 3310 quae
634 3231 695 3292 illis
708 3230 856 3306 assident,
874 3232 933 3290 etc.

226 3326 316 3389 Unde
332 3325 408 3386 ardo
423 3317 613 3386 monasticus
633 3323 744 3386 habuit
757 3323 912 3401 triplicem
930 3319 1117 3382 hierarchia

185 3419 336 3498 gradum,
361 3417 518 3478 inordina
537 3421 605 3479 tum
630 3416 834 3498 singularium
851 3413 1115 3496 prepositorum,

186 3514 253 3567 tum
267 3507 481 3583 collegiorum,
500 3513 559 3570 etc.
579 3509 666 3571 Idem
678 3509 850 3570 notandum
866 3511 913 3570 est
927 3509 958 3570 et
980 3506 1012 3568 in
1036 3505 1116 3568 ordi·
