2518 4144
470 348 699 398 enomuounns.
1029 337 1049 396 3

155 494 195 554 ut
209 490 357 571 obligatio
373 491 567 572 obsequendi
584 493 668 554 hune
689 491 830 554 ordinem
847 510 867 553 a
887 491 1048 556 voluntate

114 585 224 648 diviua
238 583 429 663 impositum,
442 585 592 664 importat
603 586 635 646 in
650 585 774 648 entibus
787 585 906 648 ratione
917 591 948 648 et
958 586 1049 648 liber-

113 682 180 742 tate
197 676 347 756 praeditis‚
368 677 542 756 facultatem
563 680 701 741 moralem
716 677 886 759 prestandi
905 697 939 738 ea
954 679 1050 740 omnio

115 790 184 855 qum
210 769 310 831 ordini
332 769 463 831 stabilito
490 779 558 832 eunt
578 771 761 852 conformia,
782 791 838 832 seu
856 771 909 852 jus
928 771 1052 852 subjee-

113 865 180 926 tive
197 867 367 941 sumptum.
390 863 532 926 «Merito
552 865 661 944 igitur,
678 869 713 926 ut
732 865 874 944 eppn'me
889 865 934 926 eit
953 863 1051 927 Titius

117 957 254 1038 (Proleg.
284 956 317 1014 in
342 957 554 1036 Puffendori),
584 957 833 1038 jurisprudentia
863 957 970 1018 divine
995 975 1052 1036 pro

115 1049 321 1112 fundamento
345 1048 481 1128 cujusvis
501 1049 757 1130 jurisprudentiae
774 1050 972 1130 particularis
996 1049 1053 1110 ha-

116 1145 222 1206 betur.
239 1166 253 1202 u

157 1239 209 1298 111.
234 1237 364 1300 Nomine
383 1236 464 1317 juris
483 1236 569 1299 veuit
586 1237 680 1300 etiem
704 1256 755 1299 ars
773 1237 839 1298 sive
858 1237 989 1300 scientie
1002 1235 1053 1318 ju·

115 1330 211 1407 rium,
240 1330 355 1406 idest,
382 1329 500 1408 legum.
527 1331 800 1402 Quemadmodum
825 1330 910 1392 enim
938 1348 1052 1392 nomen

115 1422 293 1500 medicine,
324 1441 354 1484 v.
379 1441 425 1502 g.‚
442 1421 530 1484 initio
545 1423 726 1502 impositum
743 1427 791 1486 est
815 1423 856 1485 ed
875 1423 1054 1504 significen-

117 1517 196 1578 dum
217 1515 493 1593 medicamentum,
525 1517 610 1596 quod
639 1517 679 1578 ed
707 1517 884 1578 sonandum
907 1517 1050 1596 prodest:

116 1608 192 1670 inde
218 1627 293 1670 vero
325 1607 578 1670 denominatione
608 1609 649 1670 ob
680 1609 803 1690 objecto
836 1610 878 1671 ud
912 1610 1055 1672 hobitum

116 1701 256 1763 soientiae
275 1701 438 1778 translata,
466 1719 527 1762 vox
551 1701 604 1762 ille
629 1702 669 1763 nd
689 1702 927 1782 significandam
953 1703 1054 1783 ipsam

118 1797 221 1856 ortem
249 1793 391 1856 adhibita
425 1793 494 1872 fuit,
518 1794 562 1856 ito
577 1793 641 1876 jue,
669 1796 850 1875 impositum
871 1797 913 1858 ed
938 1796 1053 1876 signiti-

119 1889 259 1950 oendum
277 1891 400 1950 neotum
420 1890 475 1948 eut
491 1885 627 1968 justum,
651 1888 725 1950 inde
746 1889 927 1952 traductum
947 1893 995 1950 est
1013 1887 1054 1950 ud

118 1979 343 2060 significandos
361 1981 447 2060 leges
468 1983 499 2042 et
518 1997 664 2059 oenones,
687 1981 800 2062 quihus
815 1982 1003 2058 eontinetur,
1024 1984 1056 2042 et

120 2075 164 2136 ed
179 2073 391 2135 denotandam
405 2073 507 2152 ipsam
522 2077 633 2150 artem,
649 2093 712 2154 quo
721 2075 922 2153 oognosoitur
936 2072 1012 2155 quid
1022 2073 1053 2134 iu

120 2166 297 2229 notionibus
312 2166 475 2228 homiuum
485 2165 607 2246 justum
619 2166 808 2246 injustumve
823 2167 873 2228 sit.

162 2260 271 2340 utJus,
286 2261 331 2321 sio
346 2263 523 2338 noeentum,
533 2259 613 2322 solet
627 2258 765 2320 definiri:
782 2277 832 2320 ore
844 2257 913 2320 toni
923 2267 953 2320 et
965 2259 1054 2342 equi,

118 2372 179 2416 seu
192 2353 260 2414 aliis
272 2353 376 2416 verbis
388 2357 420 2414 et
434 2352 617 2431 explicatius
632 2373 639 2414 :
654 2352 781 2433 counitio
793 2372 843 2415 eeu
852 2353 963 2434 peritia
974 2371 1057 2434 prce-

119 2454 271 2528 oeptotum
291 2464 358 2527 que
382 2445 483 2506 docent
503 2445 578 2528 quid
592 2446 709 2526 justum
737 2445 783 2507 vel
805 2447 957 2527 injustum,
985 2445 1060 2528 quid

121 2557 239 2621 oequum
247 2539 295 2602 vel
304 2539 436 2620 im'quum
449 2539 498 2600 eit.

150 2689 162 2743 S
175 2691 203 2732 ΙΙ.
214 2701 244 2733 D!
257 2701 336 2734 mm
346 2700 505 2734 mvmouxnns
516 2700 585 2734 Hm!
598 2701 643 2734 no
655 2701 715 2734 1010!
728 2700 837 2742 Ami,
851 2701 894 2734 SEU
907 2700 1032 2744 QUAM!

398 2767 439 2799 ΙΙΤ
452 2767 576 2802 oum!
590 2768 809 2802 JURBPRUDWIB.

165 2875 189 2938 Ι.
210 2876 266 2940 Jus
290 2880 451 2956 sumptum
472 2897 529 2957 pro
552 2877 674 2959 objecto
696 2877 834 2940 scientim
855 2877 1059 2941 multifarium

121 2967 294 3076 dividetur,
309 2969 477 3052 etquidem
488 2971 589 3051 primo
604 2971 699 3052 injus
715 2971 857 3033 naturale
872 2975 904 3034 et
912 2971 964 3052 jus
977 2973 1058 3051 posi·

121 3067 270 3217 tlVtu⁰mlio
292 3155 427 3217 naturale
448 3157 546 3236 ueeipi
570 3160 674 3237 potest
696 3157 729 3218 iu
752 3177 846 3220 sensu
864 3157 927 3220 lato
954 3159 1004 3220 vel
1027 3159 1058 3218 in

121 3267 219 3310 sensu
232 3249 385 3310 strictiore
399 3269 406 3311 ε
421 3249 483 3312 late
498 3255 668 3330 sumptum,
686 3251 738 3332 jus
753 3252 896 3314 naturale
912 3255 959 3313 est
974 3255 1061 3313 reeta

104 3343 293 3430 ¹cujuslibet
317 3346 450 3420 naturae,
473 3344 633 3406 notivitete
651 3345 802 3423 praeditae,
820 3345 949 3406 directio
965 3344 1006 3404 ad
1026 3345 1061 3403 fi-

122 3455 198 3496 nem
206 3436 428 3515 praestitutum,
437 3455 492 3497 seu
502 3437 745 3516 ipsapropensio
758 3442 878 3499 ueturae
891 3435 1059 3513 sensitivae,

122 3546 196 3612 quoe
210 3529 391 3592 hominibus
401 3547 473 3592 oum
481 3529 582 3592 brutis
593 3530 804 3594 animantibus
815 3527 989 3591 eommunis
1002 3533 1058 3596 est.
1143 3551 1144 3555 ¹
