2502 4130
208 335 265 396 284
434 343 667 394 rnerrrorrouss
686 345 770 394 roura
791 315 947 394 ememor.

207 489 391 569 inductam',
409 489 523 554 deindo
547 489 663 571 scripto
685 489 781 552 etiam
801 491 871 572 jure
894 493 1144 569 confirmatam,

209 605 280 667 quar
303 585 420 646 sivein
440 583 538 646 latina
558 585 623 646 sive
648 585 681 644 in
704 603 810 664 graeca
833 584 976 646 Ecclesia
997 585 1149 664 prohibet

210 679 337 742 omnino
351 677 588 739 matrimonium
602 678 775 738 ineundum
789 681 860 757 post
877 696 1049 738 sacrorum
1069 679 1149 740 ordi-
1241 745 1242 748 Ἴ

210 790 286 834 num
296 775 328 834 et
337 769 494 852 majorum
505 770 748 849 susceptionem.
760 772 800 832 lit
809 771 836 832 si
845 770 1150 850 proscindemusab
1241 773 1243 790 ¹

211 865 360 927 abusibus
374 863 439 945 qui,
456 863 560 925 medio
576 881 644 925 avo
654 863 840 942 praesertim,
856 863 915 924 hac
927 863 960 923 in
970 881 1007 924 re
1028 863 1149 926 inducti

209 961 293 1035 sunt,
307 958 425 1018 nullam
434 956 607 1036 reperimus
617 956 692 1017 hnic
701 955 763 1036 legi
775 957 910 1036 legalem
925 957 1150 1036 exceptionem
1242 967 1243 1048 {

211 1051 269 1112 nisi
296 1067 392 1110 unam
409 1070 415 1111 :
431 1049 517 1110 illam
536 1066 606 1128 quae
627 1049 801 1110 desumitur
815 1067 854 1109 ex
878 1067 1003 1110 canone
1027 1049 1150 1111 decimo
1242 1049 1243 1052 ’

212 1141 334 1206 concilii
350 1140 521 1220 Ancyrani,
540 1139 593 1220 qui
607 1141 743 1202 refertur
757 1159 776 1201 a
795 1141 955 1203 Gratiano,
970 1141 1064 1221 (Gan.
1081 1141 1151 1202 Diu-

212 1237 299 1312 com',
329 1251 409 1312 vr11,
435 1233 506 1295 dist.
535 1233 598 1313 27.)
621 1233 812 1294 Permissum
834 1237 882 1295 est
909 1233 1058 1295 diaconis
1083 1237 1152 1314 post

210 1328 443 1407 susceptionem
456 1326 536 1388 sacri
554 1325 672 1388 ordinis
683 1343 813 1388 uxorem
827 1326 963 1403 ducere,
986 1326 1015 1387 si
1030 1327 1065 1387 in
1080 1331 1151 1389 actu

210 1437 307 1482 saorae
320 1419 525 1481 ordinationis
538 1419 701 1499 protestati
711 1419 843 1481 fuissent
862 1422 1012 1498 oportere
1025 1438 1061 1480 se
1077 1438 1150 1482 uxo·

212 1531 280 1574 rem
294 1513 410 1573 ducere
429 1515 461 1573 et
474 1512 519 1573 sic
537 1529 701 1573 remanere
721 1529 784 1573 non
807 1529 911 1591 posse,
923 1516 957 1574 et
980 1511 1151 1592 episcopas

212 1605 335 1667 dederit
349 1622 522 1666 assensum.

252 1698 314 1758 Sed
328 1697 635 1778 praeterquamquod
647 1696 1048 1777 haeceingularisexceptio
1059 1717 1149 1778 regu-
1242 1737 1243 1740 =

212 1791 277 1852 lom
305 1789 337 1848 in
357 1788 549 1850 contrarium
575 1789 759 1851 existentem
791 1790 1027 1868 confirmabat,
1056 1791 1149 1853 hodie
1242 1857 1243 1872 ἶ

141 1881 145 1888 ’
213 1881 309 1943 etiam
319 1899 414 1961 penes
426 1883 548 1943 Graecos
557 1883 596 1943 de
605 1882 842 1944 mediosubleta
854 1888 902 1944 est
912 1883 1058 1946 omnino.
1075 1887 1152 1946 Nam
1242 1897 1243 1908 ¹

215 1993 284 2037 can.
292 1973 595 2052 beoncilii'irullani,
605 1975 979 2056 quireferturaGratiano
990 1977 1151 2056 (Gan.Vll,

216 2067 286 2130 dist.
301 2067 363 2148 28),
374 2067 516 2129 absolute
529 2071 560 2128 et
571 2067 638 2128 sine
652 2068 717 2128 ulla
727 2068 923 2130 restrictione
933 2069 1097 2132 sancitum
1109 2073 1153 2131 est

89 2229 90 2233 ,
216 2164 251 2224 ut
261 2160 436 2241 presbyteri
450 2161 501 2221 vel
511 2159 759 2239 diaconi‚sipost
771 2159 1151 2224 ordinessacrosuxorem

220 2255 377 2331 duxerint,
393 2271 510 2314 asacro
525 2253 635 2314 ordine
650 2253 826 2332 deponendi
838 2253 913 2327 sint;
930 2257 962 2314 et
969 2255 1150 2331 Balsarnon‚

216 2350 367 2423 Zonaras,
380 2345 565 2408 Aristemius
580 2345 695 2425 aliique
705 2345 800 2424 graeci
811 2345 999 2425 interpretes
1011 2349 1152 2408 sentiunt
1241 2407 1242 2414 ,

214 2456 271 2515 per
286 2437 367 2497 banc
378 2439 558 2516 generalem
568 2437 836 2516 prascriptionem
849 2439 961 2516 synodi
977 2441 1147 2516 rl'rullunae,
1241 2489 1242 2492 η

218 2547 288 2610 quae
300 2528 352 2609 jus
371 2529 445 2591 facit
459 2530 491 2590 in
505 2534 572 2592 tota
589 2530 732 2592 orientali
750 2531 909 2608 Ecclesia,
931 2533 1149 2611 exceptionem
1241 2545 1242 2586 l

103 2676 105 2681 .
190 2679 193 2685 .
216 2623 302 2685 illam
315 2625 522 2703 peremptam,
535 2625 754 2704 sublatamque
767 2624 873 2685 fuisse.

257 2716 347 2778 Unde
364 2734 530 2795 possumus
547 2734 604 2796 pro
618 2716 771 2777 hodierna
786 2715 950 2796 disciplina
961 2718 1148 2779 concludere

218 2808 303 2887 quod
315 2807 365 2868 lex
386 2809 541 2888 generalis
560 2809 650 2870 sitin
670 2811 736 2870 tote
756 2809 897 2870 Ecclesia
917 2815 1048 2890 recepta
1066 2809 1148 2891 quod

218 2899 338 2961 clericis
359 2899 391 2960 in
410 2902 506 2963 sacris
530 2901 704 2964 constitutis
722 2901 957 2964 matrimonium
974 2903 1148 2964 ineundum

217 2991 431 3074 prohibeatur.

259 3086 322 3149 Sed
333 3085 406 3148 licet
423 3086 492 3148 haec
507 3089 663 3167 generalis
683 3091 792 3166 exstet,
813 3088 974 3150 nunidem
995 3093 1044 3150 est
1066 3089 1149 3169 apud

218 3181 346 3244 Latinos
359 3185 391 3242 et
404 3180 577 3242 Orientalcs
585 3181 679 3262 hujus
691 3182 909 3263 prohibitionis
917 3183 1059 3244 effectus.
1072 3185 1150 3243 Nam
1240 3229 1241 3238 ,

218 3275 260 3335 ad
285 3274 412 3336 Latinos
432 3274 516 3353 quod
536 3278 666 3352 spectat,
687 3275 813 3336 videtur
830 3275 898 3336 haec
920 3275 1094 3354 prohibitio
1109 3276 1152 3335 nil

219 3366 304 3427 aliud
327 3367 513 3446 importasse
529 3365 588 3428 nisi
608 3367 759 3429 contracti
782 3367 974 3430 matrimonii
993 3367 1151 3430 illicitudi-

219 3476 302 3534 nem‚
326 3478 388 3520 non
404 3463 509 3521 autem
523 3459 707 3536 nullitatem,
722 3479 822 3540 usque
834 3461 876 3522 ad
901 3460 1054 3522 saeculum
1073 3460 1151 3521 duo-

213 3547 395 3622 ·decimum3
412 3551 562 3613 diaconus
576 3551 626 3613 vel
650 3553 815 3630 presbyter
825 3552 888 3634 iqui
912 3552 1150 3615 matrimonium
