2540 4132
320 346 883 399 tos1cssrrc1nn1srun1scsnorrc1.
1012 335 1067 400 itt

134 497 257 574 latoris,
287 513 357 576 quse
385 493 524 556 exercitii
548 495 652 574 gratia
678 495 838 573 ponuntur
862 492 894 554 in
913 509 967 558 ore
987 493 1070 556 illins

135 595 248 656 contra
264 607 359 669 quem
369 587 512 650 Pontifex
530 587 684 650 rescribit.

177 684 230 746 Sic
245 683 341 744 instat
354 681 508 759 interpres
526 701 532 742 :
553 701 567 738 c
579 679 753 743 Videbatur
768 682 799 742 S.
812 682 849 742 Ρ.
862 697 1070 760 responsurus

134 775 367 840 admittendam
406 792 474 834 esse
509 774 766 852 appellationem
794 791 932 853 namque
967 772 1072 834 aiebat

134 870 282 941 Gaius...;
296 891 311 926 o
331 870 362 928 et
384 867 584 946 prosequitur
604 865 789 929 deducendo
805 869 992 946 argumenta
1013 882 1070 944 pro

133 961 263 1042 ingenio
278 979 334 1022 sno
350 963 381 1020 st
393 959 597 1021 dicendorum
610 959 753 1021 materie.

179 1053 289 1128 (iocata
307 1071 380 1130 pars
395 1055 442 1113 est
458 1051 574 1128 decisio,
596 1069 666 1131 quae
685 1051 730 1112 sio
753 1051 960 1130 proponitur:
981 1051 1069 1114 «Sed

135 1147 185 1208 his
209 1145 382 1208 rationibus
396 1163 459 1205 non
474 1143 681 1221 obstantibus,
711 1144 853 1205 Pontifex
872 1143 1065 1224 rescripsit.»

134 1241 176 1301 liit
193 1239 308 1318 legitur
329 1237 501 1316 responsio.

176 1344 272 1406 Sexta
285 1363 358 1422 pars
373 1346 420 1404 est
433 1343 511 1402 rotie
525 1341 686 1418 decidendi,
705 1361 769 1423 qua
781 1343 925 1405 firmatur
938 1343 1069 1424 aequitas

136 1437 303 1499 derisionis
317 1436 505 1516 legislatoris
526 1435 646 1496 idoneis
662 1437 870 1516 argumentis3
899 1454 970 1517 qnae
996 1453 1069 1516 pars

136 1530 307 1610 aliquando
334 1527 464 1608 abipso
490 1529 668 1608 legislatore
691 1530 817 1608 petitur,
840 1529 1009 1610 aliqnando
1031 1547 1069 1590 ex

132 1623 214 1704 juris
233 1621 394 1701 principiis
419 1623 469 1682 vel
492 1640 530 1681 ex
553 1622 626 1682 fecti
656 1622 897 1684 circumstantiis
929 1622 969 1682 ab
1000 1622 1067 1702 ipso

135 1715 307 1793 interprete
335 1715 510 1790 deducitur,
536 1713 625 1794 cujus
644 1715 779 1776 formula
791 1715 835 1775 sic
858 1733 891 1776 se
914 1713 1019 1790 hebet,
1036 1714 1068 1775 in

136 1808 239 1887 primo
252 1825 327 1868 casn
345 1827 352 1868 :
372 1829 386 1863 «
398 1807 437 1868 nl
450 1806 529 1867 ratio
546 1807 710 1867 decidendi
722 1811 768 1869 est
781 1809 836 1868 illa
847 1825 942 1888 quam
953 1825 1069 1886 propo·

136 1900 184 1960 nit
195 1900 261 1977 ipse
282 1899 434 1960 Pontifex.
455 1921 470 1956 o
497 1899 565 1970 Oua
582 1900 723 1976 recitata,
740 1919 883 1979 cumpro
904 1899 992 1962 libito
1011 1917 1068 1960 suo

136 1991 314 2052 illustratet
328 1991 475 2069 explanat
488 1991 653 2068 interpres.

178 2082 313 2163 Septimo
339 2101 413 2162 pars
448 2087 496 2144 est
518 2083 665 2163 responsio
689 2082 731 2142 cd
752 2083 879 2143 rationes
905 2081 1070 2156 dubitandi,

137 2193 234 2257 quam
248 2193 321 2237 mox
332 2175 495 2255 subjungit
508 2175 662 2254 interpres
672 2175 730 2236 sub
743 2174 803 2235 hac
820 2175 969 2235 formula:
983 2195 998 2231 c
1008 2175 1072 2237 Nec

136 2268 354 2330 velentallatae
371 2268 508 2329 rationes
522 2268 698 2344 dubitandi,
717 2268 801 2348 quia,
817 2270 877 2328 eto.
892 2289 907 2324 u

180 2359 290 2422 Octava
307 2379 382 2439 pars
403 2361 546 2422 conclusio
558 2365 605 2422 est
623 2381 629 2422 :
650 2363 761 2440 «Ergo
781 2360 897 2439 optime
914 2359 1072 2440 rescripsit

138 2453 298 2524 Pontifex;
315 2476 329 2511 u
347 2457 378 2514 et
392 2454 506 2516 iterum
519 2454 690 2516 recitantur
704 2454 802 2516 verba
816 2453 968 2533 rescripti.

501 2629 632 2692 CAPUT
654 2631 706 2692 lv.

449 2789 487 2832 DE
514 2786 639 2832 antuus
660 2787 753 2833 susle.
869 2851 873 2858 Ι

176 2926 200 2984 l.
225 2924 383 2983 Hactenus
397 2919 492 2981 locuti
507 2937 616 2980 sumus
631 2919 669 2978 de
684 2919 941 2998 interpretatione
959 2921 1072 2983 doctri·

137 3015 201 3077 nali
214 3015 332 3092 legum,
354 3012 438 3073 etde
455 3012 572 3091 regulis
593 3029 663 3092 quae
680 3011 712 3070 in
735 3012 795 3072 hac
815 3013 1071 3092 interpretatione

137 3105 281 3168 adhiberi
312 3105 422 3166 solent.
454 3105 604 3182 Superest
631 3107 666 3164 ut
705 3105 881 3184 praecipuas
909 3105 1072 3167 tradamus

136 3198 352 3280 requlosjuris,
370 3215 440 3277 quae
455 3215 568 3275 nempe
588 3196 620 3255 in
638 3196 846 3274 applicatione
863 3198 969 3277 legum
988 3201 1019 3257 et
1039 3195 1071 3254 in

135 3291 394 3371 interpretatione
413 3287 556 3370 judiciali
574 3293 781 3367 usurpantur,
808 3307 846 3351 ac
871 3287 1004 3368 proinde
1030 3286 1071 3346 ad

133 3383 360 3464 jurisperitiam
388 3385 531 3462 spectant
546 3382 569 3444 ¹.
586 3381 658 3442 lllas
671 3381 842 3443 referemus
860 3398 930 3460 quae
950 3379 982 3438 in
1000 3395 1072 3438 nos·

170 3591 176 3618 ¹
193 3583 262 3642 Vide
274 3588 402 3640 llsscbat.
414 3589 477 3639 lost.
487 3587 557 3652 juris
570 3599 638 3651 can„
656 3586 673 3636 l.
687 3597 713 3649 v,
726 3599 749 3635 c.
763 3595 806 3636 xc.
