2542 4122
219 341 278 399 206
429 351 659 399 ursnrurronns
680 351 763 399 rurus
784 351 938 398 cruorum.

261 498 344 577 llrgo
364 496 396 556 hi
419 497 536 576 gradus
555 496 770 576 auctoritatis,
799 495 973 576 generatim
992 494 1152 574 loquendo

220 609 282 652 non
297 594 370 652 sunt
384 591 502 670 gradus
516 590 573 650 nisi
589 590 759 651 vicariatus
775 589 948 668 apostolici,
964 588 1054 668 cnjus
1073 588 1153 649 indi·

221 686 304 745 eium
322 689 394 746 sunt
412 685 474 745 duo
498 683 634 761 insignia
655 683 910 745 characteristica
935 682 983 742 his
1002 682 1153 761 gradibus

221 777 444 856 competentia:
458 797 532 836 cruc
543 795 612 856 quae
622 777 697 855 ipsis
709 776 926 836 incedentibus
935 776 1112 853 praefertur,
1125 777 1152 834 et

216 872 344 952 palliam
367 871 450 949 quod
467 889 563 949 supra
580 873 682 930 vestes
697 869 892 948 pontificales
908 872 980 929 ante
1003 872 1113 946 pectus
1125 871 1152 927 et

221 984 315 1043 super
343 964 492 1024 humeros
512 963 742 1042 superinduunt
764 963 817 1042 qui
837 962 923 1023 hisce
950 961 1152 1041 dignitatibus

224 1058 423 1118 decorantur.

260 1150 317 1211 llic
332 1168 400 1210 mos
413 1149 602 1228 preferendi
625 1167 761 1226 crucem,
788 1153 823 1210 ut
837 1149 951 1227 probat
980 1147 1154 1209 Thomassi-

220 1263 280 1305 nus
290 1243 300 1323 (
310 1246 354 1304 De
365 1246 428 1304 vat.
444 1245 476 1303 et
490 1260 562 1303 nov.
577 1242 723 1302 Ecclesiae
737 1242 825 1303 disci.
839 1261 871 1320 p.
886 1245 914 1318 l,
927 1242 948 1303 l.
962 1246 992 1318 2,
1007 1261 1077 1320 cap.
1092 1240 1150 1318 58),

223 1337 281 1397 luit
290 1336 436 1414 proprius
446 1335 486 1396 ab
497 1335 682 1415 antiquitate
696 1336 792 1396 solius
800 1335 932 1396 Romani
944 1335 1114 1410 Pontificis,
1127 1337 1154 1393 et

220 1428 321 1508 primo
338 1447 504 1489 concessus
521 1428 558 1488 iis
573 1428 687 1506 quibus
703 1428 889 1507 dignitatem
904 1427 1087 1508 hujusmodi
1100 1427 1154 1505 ipsi

222 1521 462 1584 committebant
477 1521 609 1582 Romani
623 1520 800 1598 Pontifices,
818 1525 853 1582 ut
867 1539 993 1600 nempe,
1008 1519 1157 1600 quemad-

222 1615 352 1676 modum
362 1614 631 1694 repraesentabant
643 1614 775 1675 Romani
785 1615 944 1676 Pontificis
960 1615 1154 1693 dignitatem,

221 1707 266 1769 ita
291 1707 476 1769 exteriorem
505 1707 573 1786 ejus
594 1707 766 1786 imaginem
803 1707 927 1786 populis
959 1707 1154 1767 exhiberent.

163 1873 165 1878 ¹
220 1799 310 1862 Unde
325 1801 443 1860 lactum
464 1803 520 1876 est,
552 1804 587 1862 ut
607 1800 692 1860 idem
715 1800 790 1862 dicit
808 1800 861 1860 ubi
881 1801 920 1860 de
943 1800 1155 1861 cardinalibus

222 1892 370 1971 loquitur,
381 1891 465 1971 quod
476 1893 571 1972 legati
583 1893 745 1972 apostolici
759 1894 824 1954 sere
837 1894 981 1955 omnibus
992 1893 1156 1972 papalibus

223 1984 364 2064 insigniis
383 1985 500 2048 fuerint
514 1986 651 2066 insigniti
678 1990 713 2048 nt
731 1987 867 2066 pressius
891 1987 1093 2067 vividiusque
1113 2005 1159 2048 re-

223 2083 625 2158 proesentarentpersonam
637 2081 704 2160 ejus
716 2080 805 2162 cujus
814 2081 899 2142 vices
912 2085 1055 2161 agerent.

263 2176 329 2238 XV.
347 2174 437 2248 Quod
454 2173 583 2255 pallium
604 2177 735 2255 spectat,
753 2175 830 2236 illud
843 2175 999 2254 originem
1012 2174 1158 2236 habuisse

222 2268 431 2330 eruditissime
456 2267 602 2346 probavit
614 2267 710 2329 Clam.
727 2268 806 2329 Phil.
823 2268 1008 2347 Vespasiani
1031 2269 1076 2348 (in
1091 2285 1160 2346 spe·

222 2359 1158 2440 cialidissertationetypispropagandaevulgataanno1856)
1256 2413 1257 2418 ,

222 2469 284 2512 non
294 2452 334 2511 ab
349 2451 453 2529 ephod
468 2453 561 2530 linea,
575 2457 630 2514 aut
643 2453 788 2515 rationali
804 2474 873 2535 quae
887 2457 1035 2516 Summus
1057 2453 1158 2515 Ponti-

222 2545 272 2606 fex
298 2545 505 2606 Hebraeorum
530 2550 602 2608 ante
619 2551 727 2625 pectus
746 2549 900 2626 gestabat,
924 2549 979 2609 sed
998 2568 1017 2608 a
1035 2547 1157 2626 vulgari

221 2639 305 2702 beati
318 2639 401 2702 Petri
411 2639 518 2718 pallio,
529 2659 587 2702 nec
602 2645 732 2719 propter
741 2642 891 2720 mysticas
899 2642 1154 2721 significationes,

221 2752 279 2793 nec
297 2738 449 2813 tanquam
462 2734 639 2812 symbolum
655 2735 804 2795 secularis
816 2735 980 2814 cujusdam
996 2733 1156 2814 dignitatis

221 2825 423 2902 imperatoria
442 2827 626 2889 auctoritate
647 2847 771 2889 summo
797 2828 991 2908 pontificatui
1013 2829 1152 2889 adnexae.

223 2918 385 2998 Siquidem
399 2925 599 2999 sumpserunt
612 2925 735 2983 veteres
750 2923 880 3001 pallium
898 2941 955 2982 scu
976 2925 1099 2983 vestem
1110 2939 1155 2982 su·

222 3011 378 3090 perierem
389 3013 520 3094 alicujus
541 3033 684 3093 personae
699 3019 850 3096 tanquam
862 3016 1042 3094 symbolum
1053 3018 1155 3075 aucto·

221 3105 321 3168 ritatis
342 3105 424 3167 illius
447 3125 601 3186 persona,
621 3109 664 3170 ita
682 3113 717 3170 ut
735 3129 792 3188 per
806 3108 987 3189 hujusmodi
1003 3107 1154 3187 receptio

222 3219 293 3261 nem
309 3204 339 3261 et
358 3219 450 3261 usum
465 3201 561 3262 veluti
578 3203 703 3281 spiritus
725 3207 756 3263 et
777 3203 946 3264 auctoritas
965 3202 1049 3262 illius
1068 3201 1153 3281 cujus

220 3295 349 3373 pallium
376 3294 530 3356 habuerat
558 3295 590 3356 in
619 3315 692 3356 eum
719 3298 873 3358 translata
900 3298 1094 3372 censeretur,
1123 3298 1154 3353 ut

220 3388 311 3449 facile
326 3387 483 3468 colligitur
495 3407 533 3449 ex
545 3390 694 3468 exemplis
705 3409 743 3451 ex
754 3391 884 3454 historia
896 3393 963 3452 tum
971 3407 1074 3466 saera,
1088 3391 1152 3451 tum

220 3484 353 3557 profana
370 3483 554 3560 desumptis.

260 3572 305 3629 Ex
326 3591 387 3652 quo
406 3574 509 3636 intulit
531 3575 677 3638 laudatus
699 3580 810 3640 auctor
823 3577 1042 3657 pontificatum
1056 3574 1151 3638 maxi-
