2502 4130
210 325 271 386 310
420 336 655 386 rusrrrurroaus
675 334 759 384 sums
781 335 938 384 carorum.

210 483 376 558 standum
389 483 559 564 aliquando
567 484 608 544 ad
619 482 763 544 habitum
772 481 1009 560 suscipiendum
1020 481 1072 544 his
1081 501 1154 544 eou-
1238 473 1241 484 ’

211 576 288 638 siliis
298 595 491 651 consonum
508 577 563 638 sed
575 575 746 656 aliquando
761 573 965 636 habitualiter
975 593 995 635 a
1007 577 1076 636 Deo
1092 575 1155 636 die

210 669 338 749 ponitur
352 671 392 730 ed
405 688 504 730 unum
517 669 727 750 potiusquam
742 668 783 729 ad
793 669 928 729 altorum
937 669 1151 747 sequendum,

211 764 381 844 aliquando
396 763 437 824 ad
450 782 560 824 omnes
572 784 578 824 :
592 763 665 824 iude
675 762 781 824 varios
790 761 909 841 gradus
923 761 1021 841 hujus
1034 763 1153 841 perfee-

211 856 305 918 tionis
314 857 502 935 appetimus.
518 856 645 930 Quodsi
660 856 732 917 talis
744 873 856 918 norma
870 854 999 916 vivendi
1013 856 1152 917 conditio

212 949 252 1011 sit
272 957 307 1010 ut
330 950 378 1010 his
398 949 499 1010 tribus
518 949 656 1010 consiliis
680 942 884 1011 habitualiter
907 947 1083 1028 sequendis
1107 949 1153 1009 iu-

211 1043 412 1119 cumbamus,
427 1042 566 1121 proiecto
591 1042 643 1103 hic
664 1043 724 1104 erit
735 1049 830 1104 statua
847 1041 1026 1121 evangelicoe
1034 1042 1150 1122 perfec-

211 1137 308 1197 tionis.
334 1138 437 1208 Quare
461 1136 562 1197 dictus
582 1139 692 1212 statue,
719 1135 898 1214 dogmatice
915 1134 1091 1214 inspectae,
1107 1139 1151 1196 est

210 1247 397 1308 permanens
412 1228 537 1290 vivendi
553 1229 691 1290 conditio
707 1247 770 1308 qua
783 1229 878 1290 homo
893 1229 998 1307 gratia
1015 1229 1073 1289 Dei
1084 1249 1150 1308 pre·

209 1328 333 1400 ventus,
347 1323 448 1384 trihus
460 1322 597 1384 consiliis
607 1322 774 1383 voluntarii
784 1321 944 1399 coelibatus,
961 1321 1150 1384 voluntaria

207 1417 414 1496 paupertatis,
440 1415 626 1478 voluntaria
649 1414 841 1492 obedientiae,
870 1413 1079 1476 habitualiter
1107 1415 1152 1476 di-

209 1511 310 1569 catur.

598 1625 703 1678 CAPUT
719 1624 754 1681 ll.

241 1765 276 1805 DE
293 1765 378 1806 STATU
402 1765 581 1806 EVANGELICAE
598 1765 796 1825 Pcarucrlouls
813 1763 906 1812 Quodn
925 1765 1118 1808 oracleum.

250 1886 274 1946 Ι.
299 1884 406 1946 Gratia
428 1886 619 1966 evangelicae
638 1884 839 1964 perfectionis
862 1883 1035 1964 dupliciter
1049 1887 1151 1950 oonsi-

211 1977 316 2039 derari
330 1981 433 2057 potest
450 1999 456 2040 :
471 1979 522 2040 vel
533 1979 662 2058 alligata
676 1977 802 2040 cuidam
814 1979 932 2058 regulae
946 1997 1004 2040 seu
1021 1980 1150 2043 vivendi
1240 1975 1241 2022 t

210 2072 352 2134 instituto
366 2072 514 2152 speciali,
531 2073 582 2133 vel
595 2071 697 2132 libera
711 2071 838 2133 omnino
852 2118 861 2149 ,
878 2072 1009 2152 proprio
1025 2073 1149 2153 spiritui

210 2166 454 2246 induigens‚neo
464 2165 601 2244 aliquem
612 2164 733 2226 habeus
745 2167 950 2244 prototypum
960 2166 1014 2226 cui
1026 2167 1149 2229 eonfor-

209 2263 328 2337 motur,
345 2278 404 2321 ceo
419 2259 579 2338 exemplar
597 2257 812 2337 dogmaticum
833 2257 1014 2321 christianae
1027 2261 1149 2339 perfec·

209 2351 303 2412 tionis
319 2353 404 2431 quod
417 2351 535 2414 referre
548 2351 672 2413 debeat.
687 2351 759 2414 Vita
773 2351 942 2430 perfectior
956 2371 1029 2434 quae
1047 2354 1148 2415 deter-

209 2443 493 2522 minationevacat,
502 2444 591 2505 audit
601 2443 854 2522 simpliciteroitc
863 2442 977 2522 devoto,
986 2447 1151 2524 quae,licet
1239 2463 1240 2489 ³

209 2553 372 2616 nunquam
392 2536 527 2598 defuerit
547 2536 633 2616 apud
662 2535 868 2614 christianae,
899 2541 1007 2598 tamen
1033 2543 1147 2601 nostra

208 2631 403 2692 tractationis
422 2630 581 2711 objectum
602 2649 670 2690 esse
690 2648 753 2690 nou
766 2631 860 2692 valet.
883 2633 962 2693 Cum
981 2632 1071 2693 enim
1086 2633 1147 2714 spi-

207 2724 286 2785 ritus
300 2725 354 2785 uhi
367 2725 435 2786 vult
448 2723 556 2803 spiret,
573 2727 604 2784 et
618 2723 749 2784 infiuata
762 2726 794 2784 et
804 2723 893 2784 varia
905 2723 967 2786 sint
979 2725 1067 2787 dona
1077 2745 1145 2806 gra-
1238 2717 1239 2798 J

208 2815 260 2876 tiae
283 2818 356 2894 Dei,
382 2835 445 2878 uon
472 2820 576 2895 potest
601 2817 662 2878 hoo
690 2815 860 2894 spiritualis
887 2817 960 2878 vitm
983 2837 1089 2897 genus
1106 2820 1144 2880 ad

208 2911 327 2970 certam
340 2910 504 2988 regulam,
522 2909 563 2970 ad
579 2911 761 2988 certumque
774 2908 826 2989 jus
841 2909 960 2971 reduci.

248 3003 350 3075 Quare
360 3006 427 3063 tote
436 3003 582 3064 tractatio
595 3002 634 3061 de
648 3001 813 3079 disciplina
824 3003 1022 3080 perfectioris
1030 3005 1103 3066 vita
1113 3005 1142 3064 in
1237 3035 1238 3090 p

207 3095 347 3158 Ecclesia
369 3095 532 3156 reducitur
546 3095 587 3156 ad
607 3093 705 3154 vitam
725 3094 811 3154 illem
833 3095 1054 3173 perfectiorem
1075 3116 1142 3178 qua
1237 3091 1238 3102 ²

208 3190 300 3252 elicui
313 3189 529 3252 determinatae
539 3188 657 3268 regulae
669 3191 701 3248 et
710 3187 835 3248 vivendi
847 3188 989 3250 instituto
1001 3191 1139 3270 alligata,

207 3285 296 3346 audit
309 3285 374 3346 vita
388 3283 525 3363 relipiosc
539 3280 735 3361 etropolcris.
750 3282 828 3342 Cum
839 3285 945 3342 autem
959 3282 1021 3344 hoo
1032 3303 1142 3346 secuu-

207 3377 283 3438 dum
302 3378 375 3439 vitae
399 3375 569 3456 spiritualis
583 3393 683 3454 genus
699 3373 814 3436 habeat
829 3375 1000 3454 quamdam
1022 3376 1109 3438 instit
1130 3410 1141 3422 -

207 3469 325 3528 tionem
344 3470 385 3529 ab
399 3469 540 3530 Ecclesia
553 3471 714 3546 receptam
729 3467 936 3546 etprobetam
951 3467 1001 3529 cui
1017 3470 1140 3532 coufor-
1235 3411 1237 3542 i

207 3561 320 3636 metue,
336 3564 440 3642 potest
453 3578 521 3622 esse
538 3559 697 3644 objectum
708 3559 789 3644 juris
803 3559 956 3626 canonici.
