2518 4144
208 319 248 384 22
417 329 647 380 rnsrrrumonas
667 331 750 380 rums
772 330 928 408 annorum.

249 481 329 542 Xlll.
353 480 503 555 Domum,
527 477 567 538 ad
587 476 739 538 honorem
755 475 876 538 Patria
901 493 963 558 quo
982 473 1148 540 nonnulla

211 572 368 637 cathedrae
393 571 477 633 orbis
501 569 646 632 catholici
674 571 801 631 fuerunt
828 568 1020 647 sublimatae,
1044 573 1080 630 ut
1103 569 1152 632 ait

210 664 394 746 antiquitas,
416 666 448 724 et
469 661 547 724 cedes
560 661 875 742 patriarchalessunt
896 661 1047 724 institutae
1072 680 1149 742 quae

210 757 439 838 primatialihus
453 756 548 816 etiam
563 755 690 816 sedibus
704 755 924 834 praeferuntur.

250 854 326 912 Tres
348 849 388 912 ab
410 847 497 912 initio
515 848 641 909 fuerunt
656 847 888 927 patriarchatus
903 867 909 908 :
927 847 1149 910 Antiochenus

161 953 164 966 ’
210 961 324 1023 nempe
349 960 443 1021 quem
469 943 579 1002 Petrus
611 941 899 1018 administraverat,
928 943 1092 1002 Romanus
1114 941 1149 1002 iu

211 1056 272 1117 quo
293 1036 360 1114 ipse
382 1034 447 1096 vita
463 1035 588 1096 functus
608 1037 668 1111 cst,
689 1034 817 1095 demum
837 1033 1067 1095 Alexandrinus
1092 1034 1149 1115 qui

211 1128 323 1190 claruit
339 1129 370 1190 S.
385 1127 481 1190 Marci
496 1127 679 1189 ministerio.
697 1127 854 1188 Posterius
869 1126 921 1188 alii
938 1126 1000 1188 duo
1015 1127 1150 1189 fuerunt

210 1222 259 1283 his
281 1221 382 1282 tribus
412 1220 567 1301 adjuncti,
598 1219 743 1282 videlicet
771 1219 1071 1300 Hierosolymitanus
1105 1221 1147 1282 ad

210 1315 363 1378 honorem
387 1315 530 1376 locorum
550 1317 746 1391 sanctorum,
769 1317 801 1374 et
826 1313 1148 1392 Constantinopolita-

210 1427 268 1470 nns
281 1425 339 1487 pro
353 1407 547 1469 restituenda
559 1406 728 1469 concordia
741 1424 815 1498 oum
834 1405 988 1486 episcopis
1009 1405 1146 1486 hujusce

210 1500 304 1562 sedis

250 1595 331 1657 XIV.
354 1594 426 1655 Jam
437 1610 512 1654 vero
529 1592 755 1671 metropolita,
769 1591 935 1670 primates,
953 1592 1100 1654 exarchae
1116 1596 1147 1654 et

210 1685 416 1766 patriarchae,
438 1704 501 1765 qua
518 1685 613 1763 tales,
636 1685 710 1747 licet
732 1683 877 1746 omnibus
898 1684 1051 1764 episcopis
1071 1704 1146 1764 pro-

211 1777 333 1855 vincia,
349 1777 438 1856 regni
454 1781 486 1838 et
499 1777 635 1858 regionis
648 1777 711 1840 sint
728 1777 925 1857 superiores,
941 1777 1079 1838 ferenda
1099 1783 1145 1840 ta-

210 1889 284 1932 men
295 1869 374 1948 logis
387 1869 419 1928 in
433 1868 595 1948 provincia
603 1869 657 1950 jus
671 1870 792 1931 nullum
806 1869 933 1932 hahent.
952 1871 1025 1948 Sed,
1035 1874 1146 1950 quate-

212 1982 270 2026 nus
290 1965 434 2024 centrum
456 1961 616 2042 quoddam
636 1963 829 2024 constituunt
848 1962 1035 2042 provinciae,
1052 1963 1144 2042 regni

211 2057 261 2119 vel
280 2054 435 2136 regionis,
459 2055 581 2117 occasio
607 2056 735 2118 fuerunt
756 2061 885 2136 propter
907 2075 1002 2137 quam
1024 2075 1146 2118 novum

209 2149 290 2230 juris
302 2147 491 2230 principium
504 2153 631 2212 enatum
646 2149 686 2212 sit
701 2149 786 2230 quod
798 2153 897 2211 totam
905 2149 1024 2229 obligat
1035 2150 1146 2210 Eccle-

212 2243 293 2306 siam
320 2243 353 2304 in
380 2243 560 2322 provincia,
585 2261 682 2323 regno
715 2243 766 2303 vel
794 2243 921 2322 regione
950 2246 1142 2306 contentam.

212 2338 292 2396 Nam
301 2353 358 2413 pro
368 2334 422 2394 illa
432 2334 578 2414 analogia
589 2354 683 2415 quam
696 2335 814 2398 habent
829 2335 1046 2398 ecclesiasticae
1058 2335 1146 2398 insti·

211 2426 347 2488 tutiones
360 2425 402 2488 ad
416 2425 548 2504 divinas,
566 2427 723 2508 integrum
741 2428 908 2510 collegium
924 2429 1146 2508 episcoporum
1196 2461 1198 2464 ·

213 2518 302 2598 regni
326 2517 377 2580 vel
404 2518 541 2598 regionis
562 2519 620 2582 suh
639 2520 774 2599 primate
797 2523 848 2583 vel
873 2522 1068 2602 patriarcha,
1091 2526 1146 2584 aut

211 2611 369 2692 integrum
390 2611 557 2691 collegium
581 2613 801 2693 episcoporum
822 2615 881 2676 suh
901 2615 1144 2694 metropolitano

213 2705 396 2784 adunatum,
404 2704 448 2767 sic
460 2723 493 2766 se
506 2705 625 2768 hahent
634 2707 675 2767 ad
689 2707 927 2770 universitatem
939 2709 1144 2770 ecclesiarum

212 2797 306 2878 hujus
318 2798 406 2878 regni
421 2798 472 2860 vel
485 2799 620 2861 nationis
637 2800 687 2862 vel
702 2801 887 2880 provincia,
902 2805 1054 2883 tanquam
1067 2803 1145 2864 inte·

212 2908 305 2970 grum
317 2890 400 2951 orbis
411 2891 555 2953 catholici
564 2892 782 2972 episcoporum
793 2895 970 2974 collegium,
982 2897 1041 2956 sub
1051 2898 1142 2957 Rom.

212 2983 361 3044 Pontifice
375 2988 618 3064 congregatum,
636 3004 668 3046 se
684 2986 780 3048 hahet
794 2988 835 3048 ad
845 2991 944 3050 totam
958 2988 1142 3052 Ecclesiam.

252 3076 341 3137 Unde
356 3081 465 3138 natum
475 3081 522 3138 cst
536 3078 622 3138 aliud
639 3079 826 3159 principium
837 3080 918 3162 juris
932 3081 1142 3161 particularis,

212 3168 355 3248 obligans
377 3188 447 3230 eam
467 3171 623 3234 societatis
639 3173 857 3235 ecclesiasticae
874 3179 996 3253 partem
1011 3193 1081 3254 qua
1095 3174 1145 3236 vel

211 3261 414 3342 patriarchali
427 3264 476 3324 vel
491 3263 658 3342 primatiali
669 3267 719 3326 vel
735 3267 984 3346 metropolitana
999 3267 1146 3330 subditur
1217 3311 1219 3320 1

212 3354 400 3432 auctoritati,
416 3355 506 3416 sicuti
520 3357 704 3418 universalis
720 3359 859 3420 Ecclesia
876 3363 1016 3422 Romano
1039 3361 1143 3423 Ponti-

210 3448 271 3509 fici.
297 3448 387 3510 Unde
405 3447 480 3528 jura
496 3450 689 3526 synodorum
710 3451 760 3514 vel
782 3453 987 3516 nationalium
1005 3454 1055 3516 vel
1070 3472 1144 3536 pro-

211 3539 393 3606 vincialium
407 3544 476 3605 orta
490 3544 572 3606 sunt.
