2540 4132
365 328 404 371 nn
426 329 557 374 osrscro
578 330 665 374 roms
687 329 841 377 canorum.
1015 323 1072 383 l8'l

128 483 282 547 ordinarii
298 483 469 558 habentem
485 485 541 546 sed
556 483 660 563 potius
674 486 705 546 vi
728 486 846 547 ordinis
861 488 920 564 sui,
944 490 1070 553 mediat'

128 581 205 640 sunt
218 577 434 638 ministrorum
450 577 683 639 ordinariorum
709 579 855 657 ministri,
876 599 931 641 seu
950 585 1072 644 tantum

127 671 304 732 mediatum
324 670 462 730 officium
485 671 603 731 habent
623 671 656 731 in
678 671 788 732 ordine
810 673 852 734 ad
874 674 1073 736 collationem

127 765 410 839 sacramentorum,
429 763 460 822 in
480 767 632 842 quantum
645 763 765 825 scilicet
784 766 1002 828 sacerdotibus
1016 767 1072 826 mi-

127 857 334 918 nistrantibus
367 855 545 934 proximum
582 857 805 936 impertiuntur
840 859 1068 922 ministerium.

128 951 239 1013 Solum
253 951 384 1027 possunt
397 967 463 1008 esse
477 949 715 1010 extraordinarii
731 951 879 1028 ministri,
897 952 928 1011 in
948 953 1072 1014 deiectu

128 1042 291 1118 ordinarii,
310 1040 414 1120 quoad
437 1041 499 1101 duo
520 1046 728 1120 sacramenia,
743 1043 934 1123 baptismum
959 1063 1071 1124 nempe

127 1140 160 1197 et
172 1134 377 1196 Eucharistiae
393 1133 669 1212 dispensationem.

168 1234 200 1289 l⁰
229 1228 339 1289 Caeteri
372 1227 489 1306 gradus
515 1227 679 1288 ministerii
706 1227 861 1289 inferioris
890 1229 1009 1290 nullam
1040 1231 1070 1292 vi

127 1321 247 1384 ordinis
276 1321 323 1380 sui
351 1321 469 1380 habent
498 1324 686 1399 potestatem
704 1339 762 1381 nec
785 1321 989 1400 ordinariam,
1012 1329 1071 1385 nec

127 1413 421 1490 extraordinariam,
438 1413 470 1473 in
482 1414 681 1474 conserendis
691 1415 905 1476 sacramentis.
920 1417 1028 1478 Solum
1038 1418 1068 1478 vi

127 1507 247 1570 ordinis
259 1510 390 1585 possunt
402 1525 531 1584 oporam
552 1511 702 1584 praestare
723 1508 818 1568 modo
839 1509 1066 1588 propinquiori,

126 1602 222 1662 modo
251 1599 411 1660 remotiori
437 1599 497 1659 illis
535 1601 587 1679 qui
621 1604 819 1661 sacramenta
836 1601 1065 1663 administrant.

127 1693 219 1767 Quod
242 1693 267 1752 si
294 1693 408 1753 horum
429 1693 637 1753 ministerium
661 1712 698 1754 eo
723 1712 822 1774 usque
851 1695 1008 1774 pertingat
1033 1699 1068 1756 ut

127 1786 269 1867 proxime
285 1786 326 1846 ad
340 1787 438 1846 altare
454 1785 632 1847 ministrent
644 1789 675 1847 et
694 1787 833 1866 aliquem
852 1791 957 1848 actum
979 1807 1068 1848 exer-

127 1883 220 1940 ceant
234 1879 395 1958 publicum
423 1879 506 1939 circa
528 1897 604 1939 vasa
628 1897 728 1955 sacra,
755 1883 830 1940 tunc
852 1880 933 1940 sacri
958 1879 1067 1959 hujus-

126 1971 214 2033 modi
243 1971 368 2032 ordines
403 1971 566 2045 dicuntur3
605 1971 689 2050 quod
722 1971 845 2033 accedit
866 1971 1067 2033 subdiaconis

128 2064 363 2144 apudLatinos

168 2159 234 2219 Vll.
249 2157 281 2218 Si
297 2174 371 2217 vero
382 2155 685 2217 consideraverimus
701 2154 892 2216 differentias
904 2155 1067 2232 potestatis

128 2249 248 2312 ordinis
265 2250 296 2308 in
309 2248 411 2309 ordine
424 2249 465 2308 cd
474 2249 708 2325 sacramentalia,
724 2248 805 2309 siout
819 2248 958 2308 Ecclesia
976 2247 1065 2308 insti-

130 2343 249 2405 tuendo
262 2342 346 2403 dicta
362 2343 602 2403 sacramentalia
619 2342 740 2404 imitata
755 2345 802 2402 est
811 2341 863 2422 jus
881 2341 1022 2402 divinum
1034 2341 1066 2402 in

130 2435 325 2496 institutione
340 2439 620 2511 sacramentorum,
637 2435 682 2495 ita
703 2434 850 2514 analogia
871 2438 998 2496 servata
1022 2435 1066 2495 vi-

128 2530 222 2590 detur
243 2531 402 2588 uteorum
427 2528 703 2588 sacramentalium
722 2527 864 2588 minister
883 2528 923 2588 sit
941 2529 1065 2588 ordina-

128 2621 193 2682 rius
216 2623 247 2682 et
270 2620 535 2682 extraordinarius
558 2620 611 2699 qui
624 2620 694 2681 talis
709 2637 742 2680 se
758 2620 854 2680 habet
877 2619 981 2697 quoad
996 2619 1065 2696 ipsa

127 2717 335 2790 sacramenta,
352 2731 486 2792 quorum
502 2715 648 2773 naturam
662 2712 836 2773 imitantur.

165 2810 241 2868 Duae
253 2807 336 2866 enim
346 2811 419 2868 sunt
426 2806 588 2886 generales
597 2804 871 2866 sacramentalium
879 2804 1062 2883 categoriae3

130 2900 192 2960 alia
217 2917 287 2978 quae
308 2899 513 2977 perficiuntur
531 2917 588 2976 per
601 2917 707 2958 sacras
728 2898 900 2974 unctiones,
918 2898 980 2958 alia
994 2916 1063 2977 qnae

128 3013 185 3072 per
198 2993 411 3072 aspersionem
424 3011 514 3072 aquae
527 2991 711 3053 benedictae.
726 2993 790 3052 ista
799 2991 1006 3052 benedictiones
1018 2991 1065 3051 di-

128 3089 253 3162 cuntur,
266 3086 320 3145 illa
329 3103 404 3146 vero
415 3085 649 3146 consecrationes.
660 3086 731 3146 lam
740 3103 815 3145 vero
826 3083 1064 3146 sacramentalia

127 3179 221 3258 primi
247 3177 382 3254 ordinis,
406 3196 519 3256 nempe
546 3177 815 3254 consecrationes,
841 3179 1064 3256 comparantur

127 3291 200 3332 oum
214 3269 419 3332 sacramentis
431 3271 676 3332 confirmationis
690 3274 721 3331 et
733 3271 860 3347 ordinis,
871 3271 985 3348 quippe
994 3267 1062 3325 haec

125 3368 325 3426 sacramenta
340 3383 397 3444 per
412 3363 492 3425 sacri
509 3364 569 3426 olei
584 3363 748 3425 unctiones
763 3364 976 3424 conferuntur.
1007 3359 1061 3417 Sa-

126 3458 333 3519 cramentalia
357 3457 485 3518 secundi
511 3457 628 3518 ordinis
646 3459 869 3535 comparantur
888 3469 960 3514 oum
983 3451 1062 3528 bap·
1141 3523 1146 3534 Ι

125 3551 218 3612 tismo
235 3551 288 3630 qui
303 3569 361 3630 per
375 3569 491 3630 aquam
505 3549 709 3610 ministratur.
