2540 4132
377 377 416 424 ue
438 379 565 426 omnam
585 379 669 426 rums
690 379 844 428 asnorum.
1019 365 1075 429 m

142 519 291 585 dictiam's.
306 520 397 583 Unde
408 522 630 601 proprooemio
641 525 756 585 nostrae
770 523 964 587 tractationis
975 523 1076 588 inves-

141 613 273 695 tiganda
290 617 338 674 est
358 618 472 676 natura
494 615 674 695 utriusque,
699 615 867 677 discrimen
886 615 971 698 quod
996 617 1076 680 inter

141 707 212 770 illas
222 705 388 770 intercedit
404 709 435 769 et
446 707 567 788 species
577 708 739 792 utriusque
751 707 925 792 potestatis.

480 879 585 931 CAPUT
602 879 738 932 PRIMUM.

307 1033 340 1071 DE
357 1031 503 1071 POTESTATE
520 1031 627 1072 ono1u1s
644 1033 676 1071 ΕΤ
692 1033 908 1074 comsummatus.

84 1238 88 1244 ι
181 1165 206 1225 1.
229 1163 278 1224 Ad
309 1165 455 1224 naturam
477 1162 638 1243 utriusque
652 1164 813 1242 potestatis
826 1164 911 1246 qnod
934 1169 1072 1244 spectet,

139 1253 255 1317 dicitur
266 1257 405 1333 potestas
420 1255 537 1316 ordinis
553 1275 559 1316 :
575 1256 807 1336 cupaaataralic
825 1257 960 1338 quaem
979 1257 1075 1336 facul·

141 1354 188 1407 tas
201 1367 220 1406 a
244 1345 362 1408 Ctristo
384 1346 509 1408 Domino
522 1348 658 1408 imts‘tutu
676 1348 718 1410 ad
733 1349 879 1410 internam
897 1349 1075 1430 operandam

140 1437 274 1520 fideliam
287 1439 471 1500 sanctitatem
478 1459 536 1519 per
548 1448 739 1502 sacramenta.
753 1443 958 1504 Sacramenta
966 1447 1072 1504 summ

140 1531 174 1591 in
189 1549 247 1591 sua
264 1530 500 1608 generalissima
513 1532 741 1612 significatione
765 1539 838 1595 sunt
851 1534 929 1596 ritus
944 1536 1072 1613 symbo-

139 1623 192 1686 lici
205 1624 246 1684 ad
256 1623 536 1686 sanctificationem
546 1625 761 1704 peragendam
771 1625 917 1688 ordinati.
930 1629 1072 1690 Potestas

141 1719 248 1778 autem
259 1715 485 1796 jurisdictionis
500 1722 548 1779 est
570 1719 803 1798 supernaturalis
820 1718 954 1802 qaedam
972 1728 1072 1801 potes·

141 1818 187 1870 tas
200 1808 237 1869 ab
251 1808 348 1870 eodem
364 1807 481 1870 Ctruto
502 1810 638 1872 instituta
656 1809 697 1872 ad
705 1811 814 1892 populi
829 1810 927 1894 fidelis
943 1813 1073 1893 requae

142 1902 174 1962 tn
186 1901 273 1982 ficem
284 1901 548 1982 supernaturalem.

181 1995 218 2055 ΙΙ.
242 1993 296 2054 His
311 1993 436 2073 positis,
458 1991 750 2056 ex'delluitionibus
771 1994 838 2056 istis
857 1995 1071 2076 unusquisqne

141 2086 233 2148 facile
248 2086 333 2147 videt
341 2085 462 2147 nullum
475 2086 558 2148 inter
572 2090 740 2165 utrumqne
757 2086 925 2148 discrimen
938 2087 1072 2148 interce·

142 2180 230 2256 dere,
240 2179 266 2240 si
277 2179 364 2258 origo
377 2180 427 2240 vel
439 2179 510 2239 finis
524 2178 687 2258 utriusque
701 2179 926 2255 consideretur,
943 2178 999 2238 sed
1012 2177 1072 2240 hoc

142 2271 377 2354 fundamentale
406 2271 574 2332 discrimen
599 2271 770 2333 consistere
790 2270 823 2330 in
844 2270 966 2350 objecto
989 2269 1072 2332 circs

141 2364 227 2445 quod
242 2364 335 2426 ambo
348 2367 524 2426 versantur.

178 2457 343 2537 Objeotum
357 2456 634 2535 sutempotestetis
642 2455 883 2537 jurisdictionis,
892 2455 1070 2537 quodalind

138 2569 202 2613 non
228 2554 275 2612 est
296 2549 355 2610 nisi
371 2553 534 2612 externum
549 2549 690 2628 regimen
715 2549 884 2625 societatis,
909 2549 949 2609 do
976 2567 1009 2608 se
1024 2551 1071 2610 est

138 2643 215 2724 quid
228 2645 370 2704 naturale
385 2643 470 2723 quod
497 2645 528 2703 et
550 2646 690 2720 paternae
711 2641 890 2702 auctoritati
904 2640 937 2700 in
952 2639 1071 2702 familie

137 2735 320 2812 domestica,
332 2739 363 2797 et
375 2735 509 2814 politices
521 2733 700 2796 auctoritati
713 2733 745 2792 in
755 2732 927 2811 republica,
940 2749 1070 2811 genera·

135 2828 361 2907 timloquendo
376 2831 481 2906 potest
495 2825 682 2905 comparari.
712 2825 801 2887 Unde
815 2824 954 2886 Ecclesia
968 2823 1001 2884 in
1021 2843 1070 2886 sa·

138 2921 200 2983 oris
213 2921 326 2982 litteris
345 2920 554 2982 communiter
572 2919 623 2980 vel
638 2918 760 2994 domni,
776 2919 932 2997 velregno
948 2917 1069 2978 assimi-

136 3015 231 3076 letur.
248 3015 288 3076 ut
309 3033 384 3074 sane
402 3012 580 3093 jurisdictio
601 3029 657 3071 seu
678 3009 846 3072 auotoritas
861 3010 1070 3072 ecclesiastica

137 3107 176 3168 de
190 3109 325 3186 utraque
342 3110 410 3168 tum
425 3109 567 3185 paterna,
584 3108 652 3166 tum
665 3103 792 3182 politica
803 3107 957 3183 potestate
976 3103 1009 3163 in
1021 3120 1069 3163 or·

137 3200 211 3261 dine
238 3218 295 3261 suo
309 3199 435 3261 videtur
454 3197 655 3277 participare.
680 3199 725 3258 De
747 3197 931 3259 auctoritate
955 3211 1068 3271 nempe

135 3297 270 3372 paterne
287 3293 320 3352 in
335 3296 489 3372 quantum
504 3291 701 3370 singulorum
722 3290 859 3350 filiorum
873 3304 981 3349 curam
1000 3303 1069 3345 sus-

135 3385 227 3464 eipit;
245 3385 284 3445 de
297 3385 483 3447 auctoritate
493 3383 630 3463 politica,
641 3383 674 3443 in
686 3385 838 3462 quantum
846 3381 976 3457 integrae
984 3393 1067 3438 oom-

134 3477 297 3540 munitetis
307 3477 549 3540 sollicitudinem
559 3476 651 3557 gerit.
664 3477 861 3553 Quapropter
873 3468 1067 3549 frequentius

137 3571 281 3634 Ecclesia
295 3571 354 3634 suh
370 3571 430 3633 hoo
448 3572 592 3649 respectu
606 3567 696 3647 gregi
709 3566 918 3643 comparetur,
936 3559 1066 3644 ejusque
