2502 4130
196 317 256 392 fle
406 327 637 384 memnonem
655 327 740 376 rums
760 326 915 382 werlu.

237 475 303 542 Sed
323 474 393 539 huc
413 472 569 552 exemptio
590 469 814 540 nonnullorum
827 469 1020 542 clericorum
1035 472 1137 534 omni-
1238 459 1239 466 ’

196 569 295 635 moda
318 566 572 636 assuetionibus
594 565 655 630 illis
675 563 863 644 praetendis
887 563 1005 644 quibus
1030 566 1137 628 coeteri
1236 589 1237 592 ¹

199 660 305 724 clerIci
319 662 410 726 erent
424 658 553 737 addicti,
569 676 633 722 non
649 657 786 720 clericali
800 656 894 718 statui
911 675 971 718 nee
993 657 1137 720 ecclesIae

197 754 282 816 bono
299 752 524 832 prospiciebam
547 751 677 818 fovebat
695 750 781 815 enim
802 749 901 812 otium
923 749 1136 812 clericorum.

199 847 290 910 Unde
304 865 324 908 e
337 844 451 912 saeculo
466 846 535 910 XIII
553 843 708 924 incipiunt
725 842 860 907 concilia
871 842 1036 906 inculcare
1050 843 1137 904 elen'-

199 939 256 1016 cis,
285 937 461 1018 presertim
481 955 557 1001 vero
577 936 761 1016 majoribus,
784 937 820 998 nt
838 935 864 996 si
897 933 1046 998 divinum
1070 937 1138 996 offi-

199 1031 284 1099 cium
303 1029 448 1100 associati
471 1048 544 1092 cnm
568 1029 690 1092 caeteris
709 1029 743 1090 in
760 1027 899 1092 ecelesiis
913 1045 979 1089 non
994 1028 1138 1090 celebra·
1238 1063 1239 1066 =

198 1125 280 1201 rent,
296 1123 565 1202 saltemprIvatim
578 1122 794 1196 exsolverent3
812 1124 844 1184 et
864 1120 982 1182 saeculo
1001 1121 1087 1198 XIV,
1107 1121 1136 1182 in

199 1215 332 1281 coneilio
347 1215 530 1293 Basileensi,
546 1233 623 1278 sess.
641 1218 690 1292 22,
705 1232 775 1276 can.
792 1217 822 1290 5,
836 1212 1041 1292 posthabitis,
1058 1231 1139 1292 prae·

197 1309 351 1373 termissis
365 1309 486 1370 clericis
500 1308 533 1370 in
544 1307 719 1370 minoribus
733 1305 919 1382 constitutis,
940 1305 1139 1368 inculcatum
1238 1329 1239 1366 1

198 1397 1139 1476 fuitutclericiomuesinsacrisconstItuti,velpersevelcnm

198 1492 432 1571 alfiswomati
443 1494 588 1556 divinum
602 1490 887 1572 officiumquotidie
903 1491 1135 1569 persolverent.

239 1585 330 1659 Quod
359 1587 488 1666 quidem
509 1585 600 1648 facile
629 1585 733 1666 potuit
765 1585 911 1646 effectum
942 1601 1043 1644 suum
1075 1602 1140 1645 sor·

198 1677 268 1754 tiri,
299 1683 454 1757 quatenus
472 1679 540 1760 jam
562 1697 583 1743 e
607 1677 722 1740 saeculo
751 1679 792 1738 XI
819 1675 958 1739 officium
983 1676 1138 1753 divinum,
1238 1719 1239 1722 κ

200 1769 285 1849 quod
298 1769 330 1830 in
344 1771 486 1848 pluribus
503 1771 659 1834 distinctis
670 1769 882 1832 voluminibus
901 1769 1135 1848 reperiebatur,

199 1864 231 1924 et
245 1862 419 1926 secundum
433 1864 635 1942 prudentiam
645 1862 784 1944 prefecti
793 1861 881 1924 chori
895 1862 1135 1938 moderabatur,

199 1973 220 2018 e
234 1955 385 2034 Gregorio
395 1973 481 2036 pape
492 1959 548 2020 Vll
562 1957 596 2017 in
605 1974 704 2018 unum
719 1955 866 2017 volumen
876 1954 1036 2031 contrahi,
1054 1955 1137 2034 quod

200 2047 591 2112 wesmonasteriensi.
617 2049 707 2121 Quod
732 2047 859 2128 quidem
884 2065 942 2126 pro
968 2047 1136 2127 dirIgendc

199 2141 302 2204 officio
315 2142 523 2221 composItnm
538 2145 595 2219 est,
611 2141 696 2222 qued
705 2141 738 2202 in
748 2141 863 2202 sacello
876 2139 1042 2220 pontificio
1057 2141 1137 2202 cele-

200 2234 355 2298 brabatur
366 2255 374 2308 ;
387 2235 471 2313 dein,
488 2234 658 2298 mundante
673 2234 823 2314 Gregorio
840 2235 881 2296 IX
896 2235 928 2294 et
938 2235 1136 2312 approbante

201 2325 330 2386 Nicoleo
354 2328 405 2403 Ill,
433 2327 577 2388 omnibus
599 2325 692 2390 Urbis
709 2325 849 2386 ecclesiis
860 2325 1062 2404 propositum
1076 2330 1135 2398 est;

200 2415 277 2480 item
292 2435 311 2476 a
323 2419 526 2497 sequentibus
538 2417 835 2483 Pontificibusvarie
847 2417 1067 2480 modificatum
1079 2423 1135 2480 est.

240 2507 412 2588 Disciplina
424 2510 494 2573 beeo
508 2511 541 2574 in
554 2511 693 2574 ecclesiis
706 2513 814 2573 Rome
831 2510 1024 2586 introducta,
1042 2511 1136 2572 etiam

200 2601 233 2669 in
255 2601 540 2682 ausciensem,
558 2605 777 2684 episcoporum
794 2603 935 2681 consilio,
949 2602 1072 2682 passim
1088 2622 1137 2664 re-

117 2741 119 2744 .
200 2699 295 2778 cepte
306 2695 375 2762 soii.
394 2697 456 2762 Sed
470 2697 550 2758 varii
563 2700 654 2759 erent
667 2697 870 2766 ecclesiarum
879 2715 984 2758 mores
993 2699 1135 2776 tempore

201 2787 324 2852 concilii
339 2789 524 2866 Tridentini,
538 2807 635 2869 quum
649 2792 680 2852 et
701 2789 804 2869 ipsum
826 2789 1020 2850 breviarium
1033 2807 1134 2850 rome-

200 2895 277 2946 num
298 2878 478 2943 ulteriorem
502 2881 753 2946 emendationem
776 2882 935 2960 postulare
953 2881 1131 2946 videbatur.

201 2973 242 3038 ut
255 2989 330 3038 vcro
340 2973 450 3041 Patres
463 2973 537 3037 dicti
553 2974 676 3038 concilii
689 2973 892 3054 providerent
905 2974 1053 3036 EcclesIae
1066 2973 1134 3035 uni-

201 3063 350 3131 formitati
359 3068 390 3128 et
400 3067 612 3130 consonantiae
625 3067 658 3128 in
670 3066 850 3146 hujusmodi
863 3067 1016 3128 horarum
1028 3085 1134 3146 perso-

200 3157 331 3235 lutione,
344 3157 481 3220 sessione
496 3159 648 3238 vigesima
663 3159 782 3240 quinta,
793 3158 983 3221 remiserunt
991 3159 1032 3220 ed
1044 3162 1081 3220 R.
1097 3161 1130 3220 P.

200 3253 236 3316 ut
248 3249 440 3313 breviarium
452 3250 672 3330 corrigeretur,
694 3255 726 3314 et
743 3251 792 3314 sie
815 3251 961 3316 omnihus
976 3269 1135 3330 propone-

201 3347 298 3408 retur.
322 3343 412 3416 Quod
436 3342 580 3422 preastitit
603 3345 635 3406 S.
657 3344 730 3406 Pius
746 3363 830 3424 pepe
854 3346 892 3422 V,
912 3344 1134 3406 constitutione

203 3433 288 3506 Quod
311 3455 330 3494 a
343 3435 435 3512 notis,
452 3439 512 3498 ete.
528 3436 617 3507 Quod
637 3453 719 3515 opus
745 3437 791 3500 Pii
803 3440 842 3515 v,
859 3437 1050 3502 ndlemente
1066 3438 1133 3502 VIII

201 3527 233 3582 et
243 3525 370 3586 Urbano
383 3529 451 3589 VIII
464 3527 664 3590 emendatum
676 3533 733 3607 est,
747 3534 805 3592 etc.

567 3725 584 3768 d
