2518 4144
281 369 388 425 tosus
410 363 563 424 sinemus
583 374 666 424 rurus
693 371 848 423 senonici.
993 353 1031 422 ἕ

100 523 280 603 pertiuntur
307 519 397 582 varie
421 519 496 601 jura
523 517 696 600 mnjestetis
719 517 801 578 inter
827 514 1033 578 determInste

100 614 254 695 subjecta,
269 613 374 674 varies
389 612 544 674 habemus
554 611 672 674 formes
686 607 847 689 regiminis
859 607 956 670 mixti.

404 765 435 801 n.
447 763 482 799 D·
494 762 604 810 red-b·
614 761 731 800 haurn.

140 883 251 945 XVIII.
283 881 373 944 Giroe
396 880 478 941 hone
502 879 707 960 questionem
735 879 813 941 varii
843 881 942 943 exorti
964 883 1037 942 sunt

100 993 237 1051 errores,
264 973 317 1054 qui
342 973 462 1036 fontem
488 989 581 1033 suum
603 972 674 1051 plus
697 971 841 1036 minusve
865 972 984 1036 hubent
1004 973 1036 1034 in

100 1067 215 1130 haeresi
238 1065 501 1147 protestantium:

141 1160 174 1221 1⁰
190 1161 337 1220 Formam
362 1157 523 1237 regiminis
538 1157 684 1220 sceleste
706 1177 774 1220 esse
793 1159 1036 1222 democraticum

101 1253 261 1314 affirmare
272 1269 335 1312 non
343 1249 499 1312 dubitavit
508 1248 682 1328 Ilioneum,
688 1249 781 1332 juxto
790 1269 884 1332 quem
896 1251 1036 1315 Christus

101 1341 1035 1424 supremamimmedieteoontulissetpotestatem'eeelesies·

101 1437 198 1499 tieem
212 1436 271 1516 Ipsi
285 1435 402 1515 populo
413 1434 593 1512 christiano,
612 1453 744 1516 queque
761 1441 900 1516 potestus
912 1437 1036 1518 delegu-

101 1531 186 1592 tione
199 1529 352 1590 trenslete
365 1528 474 1590 fuisset
486 1527 674 1608 quibusdem
682 1529 869 1608 presulibus
878 1529 918 1592 ed
930 1531 1036 1592 Euole-

101 1623 154 1686 siae
169 1621 432 1702 gubernationem
445 1621 612 1700 deputetis.

139 1715 245 1777 Inheo
255 1733 330 1794 ergo
342 1713 458 1776 exitiali
469 1713 623 1792 donnino,
633 1712 810 1796 subjeetum
820 1714 1036 1780 Immediatum

101 1807 265 1889 potestatis
284 1825 439 1886 supremos
463 1809 544 1868 esset
557 1806 724 1870 multitudo
747 1807 937 1886 christiano,
960 1809 1037 1871 dum

100 1902 168 1982 ipse
185 1903 332 1964 Summus
349 1899 491 1962 Pontifex
505 1917 569 1962 non
583 1899 718 1962 hebetur
735 1901 793 1962 nisi
810 1905 846 1964 ut
861 1901 1037 1985 subjectum

101 1993 286 2056 mediatum.

140 2090 172 2148 2⁰
200 2086 371 2164 Gellionui,
396 2103 434 2147 ex
456 2087 611 2166 potestate
627 2102 722 2166 quom
741 2085 882 2149 Christus
904 2087 1036 2168 collegio

101 2179 275 2260 apostolico
299 2179 450 2258 eontulit,
480 2181 673 2258 arguentes,
701 2178 877 2240 doouerunt
903 2179 1037 2240 formam

101 2271 263 2354 regiminis
273 2291 336 2334 non
351 2291 420 2333 esse
429 2271 676 2350 monarchioam‚
691 2271 747 2332 sed
763 2271 1010 2334 aristocratioam
1027 2291 1034 2334 :

100 2369 240 2445 potestus
260 2384 407 2446 supreme
419 2364 548 2445 regendi
566 2363 741 2426 Euolesiem
751 2367 954 2445 competeret,
974 2383 1037 2427 uon

100 2461 244 2522 Romano
264 2457 406 2520 Pontifici
420 2456 552 2520 seorsim
575 2462 717 2537 sumpto,
739 2458 795 2519 sed
814 2463 936 2521 tentum
956 2459 1038 2539 epis-

101 2552 189 2630 eopis
211 2551 356 2612 omnibus
377 2549 582 2630 oollegioliter
606 2550 749 2630 sumptis,
775 2569 813 2612 ee
832 2551 965 2631 proinde
980 2550 1037 2614 soli

101 2643 235 2704 oonoilio
252 2643 456 2706 oeeumeuioo.
474 2645 548 2706 llaeo
561 2642 716 2720 doctrine,
733 2643 839 2724 quood
851 2647 974 2722 partem
986 2661 1038 2704 ue-

100 2739 254 2817 gantem,
279 2733 373 2798 debet
396 2735 523 2799 omniuo
550 2735 659 2816 rejioi,
685 2735 733 2796 siu
759 2735 863 2797 minus
886 2737 1038 2817 tauquam

100 2829 371 2907 asseuerante,
395 2829 507 2891 saltem
532 2832 685 2909 tunquam
706 2829 868 2891 evidenter
893 2829 986 2908 sulse,
1003 2834 1039 2892 ot

102 2926 177 3002 pote
193 2921 307 2984 Christi
321 2921 506 2984 institutioni
517 2938 581 2984 non
596 2921 743 3002 ambigue
759 2923 915 3002 opposite.

84 3011 87 3018 '
141 3018 177 3076 3⁰
200 3017 236 3076 ln
259 3015 358 3076 alium
384 3031 546 3076 excessum
567 3013 712 3076 obierunt
736 3019 881 3077 suctores
896 3015 1038 3078 nonnulli

101 3109 155 3188 qui
173 3108 337 3187 episcopos
349 3107 529 3170 habuerunt
540 3111 693 3187 tauquam
703 3106 860 3187 simplices
877 3109 1039 3190 delegatos

102 3203 139 3262 R.
154 3201 335 3278 Pontificio,
361 3201 476 3282 quique
491 3200 623 3280 proinde
644 3199 683 3260 de
701 3200 854 3280 dignitate
868 3202 1038 3283 episeopuli

103 3293 197 3354 nimis
210 3293 377 3356 detrahere
386 3294 498 3356 merito
514 3292 667 3354 visisunt.

143 3388 225 3448 XIX.
241 3389 327 3448 Inter
345 3386 521 3467 theologos,
538 3404 601 3447 non
617 3386 711 3448 modo
734 3387 906 3466 voluntate,
924 3387 979 3449 sed
993 3387 1039 3446 in-

105 3478 232 3540 tellectu
247 3483 279 3540 et
292 3479 397 3558 reipsa
411 3479 594 3556 catholicos,
611 3479 682 3541 duae
692 3483 766 3541 suut
775 3481 937 3542 sententies
951 3500 959 3540 ε

138 3572 796 3652 1⁰Alii,oumBellermino,tenentEoolesiae
805 3573 946 3652 regimen
955 3569 1040 3635 haud

177 3692 240 3740 sou.
261 3695 279 3740 ι.
924 3678 941 3738 2
