2502 4130
334 329 374 374 nu
395 328 524 376 onsecro
544 328 629 376 runis
651 325 808 376 cenorum.
985 317 1044 380 307

97 473 344 556 proponendam
354 493 422 535 esse
436 473 582 536 duximus
598 477 634 536 ut
646 473 814 536 delinietur
830 476 931 536 status
950 492 1046 538 evan·

98 568 215 648 gelicae
234 567 444 646 perfectionis.
466 569 584 630 Verum
598 568 667 628 haeo
684 567 833 646 generice
846 567 1045 647 investigatio

95 661 230 722 induas
248 666 359 742 sponte
374 659 586 742 distinguitur,
601 679 736 741 quarum
749 661 849 722 altero
864 660 1041 741 dogmatica,

101 755 207 817 altera
219 773 294 816 vero
307 753 516 835 disciplinaris.
530 755 714 834 Dogmatica
727 755 1041 834 determinatideam,

99 850 329 928 prototypum,
348 849 508 926 exemplar
527 848 600 909 vitae
619 847 819 926 perfectionis
832 849 862 908 in
889 847 1038 909 Ecclesia.

102 941 323 1020 Disciplinams
334 941 457 1020 praxim
468 942 663 1002 demonstrat
676 958 771 1020 quam
781 959 839 1020 pro
858 941 954 1002 variis
970 945 1041 1003 aeta·

98 1035 206 1110 tibus,
224 1052 281 1113 pro
303 1034 399 1095 variis
413 1034 579 1112 institutis,
597 1034 757 1095 christiani
783 1035 883 1096 secuti
903 1038 990 1111 sunt,
1008 1037 1044 1097 ut

94 1127 1042 1208 juxtahujusmodiexemplarperfeetionischristianeeactus

96 1239 176 1281 suos
191 1222 410 1295 efformarent;
436 1220 616 1300 dogmatica
639 1221 724 1282 enim
744 1221 945 1300 investigatio
967 1224 1042 1282 nata

96 1317 195 1376 estut
208 1313 294 1393 prior
306 1315 345 1376 sit
356 1315 456 1376 alteri.

141 1408 243 1486 Igitur
255 1405 355 1470 totam
367 1408 449 1468 hano
464 1408 685 1470 tractationem
695 1408 735 1468 ad
752 1408 814 1469 duo
833 1409 938 1488 capita
949 1409 1042 1470 redu-

92 1501 209 1578 cimus,
223 1519 336 1580 nempe
351 1502 488 1582 primum
507 1502 545 1563 de
560 1503 643 1562 statu
659 1501 850 1580 evangelicae
875 1502 1043 1581 perfectio·

97 1594 151 1654 nis
164 1593 340 1674 dogmatice
353 1595 505 1676 inspecto,
515 1595 648 1656 alterum
660 1594 699 1655 de
713 1594 825 1656 eodem
838 1597 922 1657 statu
934 1595 1040 1675 quoad

101 1687 314 1768 disciplinam.

444 1805 549 1859 CAPUT
565 1803 700 1860 PRIMUM.

135 1935 172 1974 nu
187 1934 271 1976 sruru
286 1935 464 1976 rusucurium
480 1934 677 1976 runrrcrronis
694 1933 851 1974 ooousmcs
868 1929 1008 1974 rusrucro.

143 2053 167 2113 1.
192 2054 261 2113 Non
286 2071 394 2113 omnes
414 2051 578 2114 hominum
597 2052 735 2112 actiones
756 2049 875 2112 habent
889 2050 1038 2113 eumdem

99 2148 294 2224 respectum,
319 2145 527 2224 eamdemque
542 2145 697 2205 rationem
712 2142 863 2203 adfinem
876 2142 1034 2220 ultimum,

97 2239 152 2301 cui
168 2257 226 2317 per
239 2239 374 2318 gratiam
387 2238 616 2300 contendimus,
632 2239 712 2297 Nam
729 2235 799 2296 aliae
815 2236 933 2298 hahent
954 2236 1038 2296 rela-

96 2332 219 2394 tionem
244 2331 458 2398 necessitatis:
477 2331 546 2392 sliae
561 2349 638 2391 vero
656 2329 804 2409 simplicis
819 2329 1037 2392 indifferentiae

98 2425 133 2486 in
153 2426 250 2486 finem
265 2445 271 2486 :
289 2423 484 2486 necessitatis
504 2424 647 2485 ordinem
668 2427 795 2485 servant
809 2442 879 2504 quae
894 2424 970 2503 poni
983 2428 1039 2486 aut

99 2517 202 2581 omitti
215 2517 352 2578 debeant
360 2520 395 2578 ut
403 2518 474 2578 finis
485 2517 611 2596 assequi
620 2517 732 2595 possit;
745 2516 956 2577 indifferentia
967 2535 1039 2596 quae

97 2612 174 2690 poni
185 2613 317 2690 possunt
330 2611 386 2689 vel]
399 2611 498 2672 omitti
514 2610 582 2670 sine
603 2609 791 2671 detrimento
807 2608 1040 2669 consecutionis

97 2705 180 2766 finis.
196 2705 372 2766 Necessitas
386 2703 440 2764 illa
452 2721 523 2763 eam
537 2703 686 2782 importat
703 2700 927 2780 obligationem
940 2717 1036 2779 quam

97 2798 253 2862 moralem
270 2797 420 2871 dicimus3
438 2800 606 2877 propterea
625 2795 786 2856 constituit
801 2794 970 2874 quemdam
985 2813 1036 2855 or-

99 2892 206 2952 dinem
221 2891 447 2971 preeceptivum
459 2891 601 2951 absolute
616 2887 818 2965 servandum,
831 2888 945 2948 utfinis
958 2887 1036 2950 obti-

98 2989 219 3046 neatur.
238 2987 311 3046 Haec
326 2987 432 3046 autem
452 2982 663 3044 indifferentia
683 2981 764 3042 hanc
779 2981 928 3062 relinquit
940 2982 1036 3042 liber-

97 3081 196 3142 tatem
210 3079 363 3139 moralem
377 3077 516 3156 ponendi
535 3077 586 3137 uel
598 3075 762 3136 omittendi
779 3079 867 3138 actus
878 3075 965 3148 illos;
983 3091 1035 3133 ea-

96 3177 226 3251 propter
239 3171 399 3234 constituit
412 3171 555 3232 ordinem
567 3167 799 3248 permissivum.

136 3268 234 3328 Porro
251 3265 390 3327 actiones
405 3265 455 3325 hee
481 3265 531 3325 vel
546 3263 733 3324 omissiones
746 3281 816 3342 quae
832 3265 975 3340 spectant
994 3259 1035 3320 ad

95 3360 179 3420 hune
196 3360 359 3436 ordinem,
377 3358 452 3420 licet
477 3373 586 3419 omnes
601 3356 790 3418 conveniant
813 3356 845 3415 in
861 3355 920 3414 hoo
935 3370 1036 3431 genus

94 3451 336 3530 indifferentiae,
355 3455 541 3514 nontamen
556 3468 664 3511 omnes
689 3449 807 3510 hahent
822 3446 967 3508 eamdem
982 3465 1035 3526 op-

97 3547 326 3627 portunitatem
350 3545 390 3607 ad
412 3545 483 3607 finis
498 3544 746 3617 assecutionem
764 3541 939 3622 siquidem,
962 3541 1035 3602 licet
