2540 4132
357 347 414 393 ¹ne
436 345 564 394 onenoro
583 347 666 394 ecura
687 347 840 398 cernerer.
1013 323 1086 406 Μ’

183 495 215 555 2⁰
235 494 309 554 Hac
325 493 432 554 autem
442 490 573 552 visibilis
590 493 724 556 societas
739 494 798 555 sub
814 493 930 578 duplici
946 501 1074 576 aspecta

138 588 247 664 potest
266 583 476 660 considerari,
496 601 609 663 nempe
630 586 662 646 in
681 603 739 648 sua
761 587 886 649 interna
905 591 1073 668 structura,

138 677 226 738 etin
253 677 319 738 suis
340 675 546 762 relationibus
575 678 616 738 ad
639 681 746 755 extra,
772 679 889 758 idest,
915 697 988 742 cum
1006 681 1075 744 aliis

137 769 354 832 societatibus.
381 768 471 830 Unde
504 767 628 848 duplex'
646 771 706 832 erit
734 775 850 834 nostra
881 773 1075 840 tractationis

136 862 220 924 liber
239 881 245 922 :
268 865 313 922 ln·
327 861 365 922 de
380 861 503 924 interno
531 863 679 926 Ecclesia
699 867 798 942 statu,
814 867 860 930 2²·
885 865 925 926 de
944 869 1073 932 externo

137 951 283 1036 ejusdem
296 957 388 1018 statu.

400 1062 401 1066 ‘
434 1089 569 1164 llBER
594 1089 774 1168 carnos.

312 1255 358 1324 oi
387 1273 544 1328 lornano
570 1273 745 1328 accessis
772 1275 896 1332 srlro.

179 1415 217 1476 ll.
243 1415 386 1476 lnternus
413 1415 559 1477 Ecclesia
591 1420 690 1479 status
717 1417 801 1479 uam
828 1419 929 1498 aperit
953 1420 1070 1502 duplici

136 1505 381 1585 investigationi,
391 1509 634 1588 quammprima
646 1513 693 1571 est
704 1510 900 1590 depersonis‚
908 1513 1008 1576 altera
1016 1532 1071 1576 au·

135 1602 202 1661 tem
216 1599 362 1660 derebus
376 1599 408 1660 in
422 1601 572 1663 Ecclesia.
589 1604 657 1663 Euo
673 1603 741 1664 haec
759 1603 914 1666 clementa
927 1623 1070 1670 necessa·

135 1691 186 1753 ria
199 1695 272 1752 sunt
294 1695 329 1753 ut
348 1692 497 1771 qualibet
514 1694 647 1756 societas
664 1695 769 1758 valeat
787 1696 968 1760 subsistere.
988 1699 1068 1771 Quid

135 1783 221 1844 cuim
238 1787 284 1845 est
298 1784 452 1846 societas?
469 1787 664 1865 conspiratio
676 1788 813 1866 plurium
823 1789 942 1851 entium
956 1791 1069 1852 libero·

135 1894 208 1938 rum
225 1877 257 1936 in
278 1878 374 1938 linem
398 1879 606 1941 communem.
626 1880 689 1942 Sed
710 1881 781 1940 linis
803 1883 980 1943 naturalem
994 1883 1071 1944 dicit

135 1969 321 2030 relationem
343 1971 383 2030 ad
405 1971 510 2032 media
530 1990 588 2050 per
609 1990 678 2052 quae
697 1973 802 2034 valeat
825 1973 969 2035 obtineri.
984 1975 1068 2054 Ergo

134 2061 293 2123 societatis
308 2068 477 2142 conceptus
491 2068 606 2142 praeter
621 2064 705 2126 entia
720 2065 942 2143 conspirantia,
954 2069 1069 2142 praeter

97 2220 101 2226 ,
136 2155 207 2234 ipsa
230 2156 461 2234 aggregationis
490 2157 647 2234 membra,
671 2160 787 2235 praeter
806 2175 946 2236 personas
968 2155 1069 2216 socio-

135 2265 220 2323 rum,
242 2247 373 2326 requirit
387 2253 419 2310 et
434 2268 491 2325 res,
513 2267 627 2327 nempe
646 2249 752 2309 media
771 2248 884 2328 quibus
903 2247 979 2311 socii
996 2266 1069 2327 pro-

134 2339 274 2418 positum
299 2341 531 2420 aggregationis
557 2342 677 2420 possint
700 2341 853 2403 obtinere.
874 2341 964 2404 Unde
986 2343 1069 2403 Deus

134 2431 383 2510 sapientissimus
406 2434 568 2495 ordinator
589 2434 749 2496 hominem
768 2453 831 2496 non
848 2433 990 2496 condidit
1008 2434 1067 2496 nisi

134 2529 303 2606 postquam
316 2527 574 2588 antecedentibus
587 2529 753 2590 creationis
768 2528 879 2589 diebus
895 2547 946 2588 res
959 2545 1068 2589 omnes

134 2623 293 2696 creasset,
313 2637 383 2699 qua
404 2623 556 2700 tanquam
572 2621 678 2682 media
691 2621 842 2682 inservire
860 2623 1006 2699 poterant
1021 2636 1069 2681 so·

30 2737 33 2744 ·
134 2711 240 2774 cietati
255 2711 299 2772 illi
315 2731 384 2792 quae
400 2731 439 2774 ex
454 2712 581 2774 bomine
600 2717 668 2776 erat
684 2713 853 2774 nascitura.

176 2805 266 2876 Quod
279 2823 377 2886 quum
394 2805 433 2866 de
448 2806 594 2867 omnibus
608 2806 648 2868 sit
659 2805 872 2883 societatibus,
889 2805 977 2869 nulla
987 2806 1068 2870 ratio

134 2901 182 2960 est
197 2915 254 2958 cur
270 2897 418 2960 Ecclesiae
438 2899 621 2978 denegetur,
640 2917 737 2980 quum
751 2897 819 2979 ejus
832 2899 987 2962 ordinatio
1005 2917 1069 2962 non

134 2989 218 3052 sinat
231 2991 385 3069 suspicari
400 2991 506 3052 media
519 2992 563 3052 illi
575 2991 661 3052 haud
671 2991 942 3054 ruisseconstituta
956 2992 1069 3072 quibus

133 3083 231 3144 finem
249 3073 343 3144 suuni
363 3088 593 3163 assequeretur.
619 3085 718 3164 Igitur
737 3085 853 3164 duplex
872 3085 932 3146 erit
949 3091 980 3152 et
999 3084 1070 3165 qui-

135 3175 208 3235 dem
226 3175 351 3253 brevis,
379 3181 411 3236 et
430 3182 583 3255 quantum
605 3177 680 3237 satis
702 3181 750 3238 est
768 3178 809 3238 ad
828 3177 972 3258 specialis
986 3182 1069 3238 trac-

134 3267 261 3330 tationis
278 3269 406 3348 plenam
425 3268 682 3349 intelligentiam,
705 3270 773 3332 haec
796 3270 835 3331 de
859 3269 981 3330 interno
1010 3267 1069 3326 Ec·

135 3360 238 3421 clesiae
260 3364 345 3422 statu
368 3360 541 3423 tractatio:
569 3361 670 3440 prime
695 3363 734 3423 de
757 3370 837 3422 stote
851 3377 1065 3440 personarum,

134 3453 263 3514 demum
290 3453 330 3514 de
368 3461 449 3514 statu
480 3473 578 3515 rerum
605 3455 637 3515 in
665 3454 805 3516 Ecclesia
832 3467 973 3530 agemus.
1005 3451 1068 3512 Sed

135 3563 207 3605 cum
234 3545 287 3606 ille
312 3547 389 3609 ordo
408 3547 557 3608 normalis
582 3540 653 3608 tum¹
679 3561 900 3624 personarum,
928 3543 996 3606 tum
1018 3562 1070 3606 re·

915 3649 960 3708 l0*
