2502 4130
322 383 361 430 nr
383 381 512 431 omacro
532 383 615 432 suns
637 381 792 430 ennomus.
965 371 1024 434 343

71 527 271 604 culinam,
289 545 328 587 ne
349 527 495 590 videlieet
509 519 667 590 nauseam
678 533 784 608 posset
802 547 962 608 opponere
977 531 1026 591 in-

69 621 169 683 civili
179 624 209 682 et
218 620 349 699 pauperi
363 620 496 683 incessui
506 621 765 700 mendicantium,
776 623 830 702 qui
840 623 931 684 alteri
942 625 1026 688 aad

72 715 285 776 venerationi
295 715 408 776 fuerat.

123 813 156 869 2⁰
178 810 268 869 Gaeca
281 808 459 870 obedientia
474 809 666 871 lesuitarum
677 809 801 870 videtur
816 809 913 872 fuisse
927 809 1027 874 virtus

73 901 215 982 speciali
229 901 324 962 modo
344 903 555 980 contraposita
565 903 640 964 vitio
654 901 829 964 dominanti
841 905 943 965 atatis
956 923 1026 966 nos-

72 1003 164 1072 trae,
190 994 471 1056 insubcrdina'tioni
499 996 646 1057 videlicet
676 995 923 1076 rebellionique,
954 1016 1025 1078 quae

72 1089 188 1168 primo
208 1091 317 1148 contra
346 1088 589 1150 ecclesiasticam
608 1089 826 1150 auctoritatem
848 1109 867 1150 a
886 1090 1024 1152 Luthero

75 1182 232 1257 excitata,
247 1181 360 1241 deinde
374 1182 406 1241 in
428 1182 513 1242 civili
527 1181 636 1242 ordine
657 1183 801 1243 obtinuit.
822 1185 953 1262 Insuper
970 1203 1025 1262 pe-

74 1275 204 1336 culiare
224 1273 362 1335 studium
377 1275 461 1354 quod
477 1275 676 1337 confutandis
698 1275 846 1336 novitatis
866 1276 1024 1337 erroribus

73 1367 137 1427 hic
151 1367 228 1428 ordo
242 1385 280 1426 ex
291 1366 432 1428 instituto
443 1368 589 1446 suscepit,
601 1368 771 1428 maximam
785 1368 931 1430 lleclesiae
945 1373 1024 1430 attu-

75 1461 122 1521 lit
148 1459 333 1537 utilitatem,
357 1464 393 1521 ut
415 1465 567 1540 tanquam
597 1461 774 1539 praecipuus
804 1461 1025 1522 haereticorum

76 1552 219 1613 malleus
244 1552 295 1613 hic
319 1552 396 1614 ordo
420 1553 552 1632 habitus·
571 1557 629 1614 est.
658 1553 747 1616 Unde
768 1553 822 1616 vhic
852 1555 1023 1633 praelarus

79 1645 165 1707 ordo
187 1649 254 1706 tum
273 1646 313 1707 ob
337 1646 486 1706 doctriua
511 1646 681 1724 culturam,
707 1649 775 1708 tum
794 1648 834 1708 ob
858 1647 1020 1725 virtutum,

80 1738 225 1800 maxime
248 1739 435 1800 obedientiae
458 1739 699 1818 professionem,
722 1739 847 1801 videtur
864 1741 1023 1803 institutus

78 1835 197 1895 contra
210 1831 285 1893 vitia
299 1833 460 1911 prasentia
475 1833 593 1894 saeculi.

126 1927 158 1987 3⁰
180 1927 319 2004 Operose
344 1926 459 1986 caritas
483 1926 583 1986 saneti
602 1925 757 1988 vincentii
773 1944 792 1986 a
809 1927 905 1988 Panlo
925 1931 956 1988 et
974 1927 1022 1987 in-

79 2019 266 2080 stitutorum
296 2037 366 2098 quae
390 2037 427 2078 ex
446 2018 499 2080 illc
523 2018 681 2097 primitivo
707 2017 826 2080 indies
849 2022 1023 2098 propagata

78 2115 159 2174 sunt
173 2114 204 2173 et
213 2116 440 2192 propagantur,
454 2111 530 2172 dum
543 2129 650 2172 exuna
665 2115 753 2190 parte
767 2112 902 2174 occurrit
916 2111 1023 2173 saeculi

79 2203 234 2286 querelis,
245 2223 314 2285 quae
327 2205 605 2285 contemplativam
613 2206 710 2267 vitam
720 2211 871 2286 tanquam
880 2203 1023 2267 inutilem

78 2301 115 2360 et
137 2297 270 2359 otiosam
288 2297 539 2374 calumniantur,
567 2317 606 2358 ex
632 2299 695 2358 alia
719 2303 949 2378 contraponunt
972 2315 1021 2360 ca·

79 2392 211 2453 ritatem
222 2390 427 2452 christianam
437 2390 558 2471 frigidae
574 2391 679 2453 saeculi
690 2391 1021 2474 philanthropiae,quae

78 2487 207 2548 tautam
221 2501 255 2546 sc
268 2484 388 2546 extulit.

456 2642 654 2706 APPllNllIX.

226 2809 262 2852 llll
282 2808 348 2852 vm
370 2806 508 2852 uacuum
528 2808 559 2852 ΙΝ
577 2808 682 2853 Olllllllll
705 2809 739 2851 ll)
758 2807 896 2854 scaldis.

125 2939 149 2998 Ι.
175 2934 447 3008 Quemadmodum
468 2953 506 2994 ex
521 2937 655 3015 utroque
670 2953 746 2996 sexu
768 2937 909 2999 Ecclesia
923 2937 1022 2998 chris-

81 3033 172 3092 tiana
184 3028 392 3104 constituitur,
409 3028 455 3088 sic
467 3031 498 3089 et
510 3029 634 3108 utrique
652 3029 739 3090 sexui
753 3031 935 3111 evangelica
948 3049 1023 3093 con-

54 3199 56 3204 ,
83 3121 507 3200 siliapropositahahentur.

126 3214 296 3293 Regularia
309 3215 460 3291 instituta,
480 3231 537 3294 pro
555 3231 632 3274 sexu
646 3213 795 3277 feminino
811 3216 1020 3293 considerata,

85 3309 213 3369 fuerunt
228 3307 353 3369 omnino
369 3307 503 3386 analoga
517 3307 665 3390 institutis
687 3325 757 3387 quae
772 3327 828 3388 pro
845 3327 920 3369 sexu
941 3309 1022 3370 virili

85 3401 246 3480 vigebant,
263 3403 404 3480 analogae
418 3417 543 3480 quoque
562 3400 801 3463 vicissitudines.
821 3401 943 3463 Scimus
955 3401 1023 3481 pios

87 3493 275 3574 religionum
288 3494 472 3556 fundatores
487 3495 630 3573 regulam
649 3511 744 3573 quam
760 3495 952 3573 scripserunt
965 3511 1023 3573 pro

87 3586 173 3665 viria,
190 3586 313 3649 feminis
331 3587 576 3668 applicasse,ch
588 3585 728 3667 ipsorum
745 3588 812 3667 pias
822 3605 956 3666 sororeS,
973 3589 1023 3651 vel
