2502 4130
293 358 331 403 nu
352 355 481 404 opsecro
502 357 584 404 runis
606 355 762 405 cruorum.
936 345 994 407 325

54 507 133 565 tum
147 502 180 564 in
190 501 370 565 clericatum
381 502 570 580 introducta,
581 521 644 564 uon
655 521 693 565 eo
705 503 854 586 tendebat
863 501 993 580 directe,

53 601 97 659 ut
126 595 256 658 clericos
279 599 439 658 exerceret
471 595 502 656 in
528 596 580 656 via
607 596 810 659 consiliorum
838 597 998 677 evangeli-

56 708 192 766 corum,
215 689 271 749 sed
285 692 408 750 tantum
429 691 464 750 ut
480 688 610 750 clericos
629 693 806 752 removeret
826 708 846 750 a
869 689 952 750 vitiis
966 691 998 752 et

56 782 319 844 distractionibus
333 782 457 859 saeculi,
472 785 508 843 ut
522 800 576 842 eos
593 787 753 844 exerceret
766 782 798 842 in
814 783 998 845 muneribus

56 875 277 948 clericalibus3
301 893 358 936 nec
378 873 560 955 hujusmodi
578 875 705 936 vivendi
723 895 823 955 genus
845 875 998 938 individui

57 969 211 1030 electioni
236 968 486 1048 relinquebatur,
504 968 643 1029 sederat
661 972 812 1050 tanquam
832 969 999 1032 methodus

58 1062 241 1142 praefinita,
263 1079 375 1142 quam,
392 1061 422 1121 vi
445 1061 666 1140 assumptionis
682 1062 850 1142 clericalis,
868 1063 1000 1126 clericus

60 1155 158 1236 sequi
171 1155 310 1216 deberet.

106 1249 185 1308 Erat
199 1247 311 1308 modus
333 1247 461 1328 quidam
476 1247 684 1327 disciplinaris
698 1255 730 1308 et
750 1249 906 1328 practicus
926 1249 1000 1330 (quo

62 1361 105 1402 ex
122 1347 291 1419 praecepto,
307 1341 377 1419 lege
399 1347 430 1400 et
449 1341 685 1418 consuetudine,
703 1341 928 1421 providebatur
945 1361 1002 1422 per

63 1435 155 1496 illam
170 1437 312 1510 aetatem,
339 1437 374 1494 ut
387 1433 493 1493 clerici
507 1434 649 1496 viverent
669 1433 842 1496 seeundum
857 1434 1002 1515 spiritum

63 1547 134 1589 suae
150 1527 333 1605 vocationis)
356 1527 503 1587 actuandi
523 1545 597 1606 ergo
612 1527 710 1588 vitam
724 1528 921 1606 clericalem,
939 1547 1003 1591 non

65 1620 255 1682 efformandi
264 1619 445 1697 monachos,
457 1620 723 1699 quemadmodum
731 1621 825 1682 hodie
835 1622 1004 1684 seminaria

65 1733 134 1776 non
155 1717 228 1774 sunt
241 1712 395 1774 ascetoria
413 1712 660 1790 monachorum,
677 1714 733 1774 sed
753 1719 876 1777 tantum
891 1715 1004 1776 domus

66 1825 253 1869 communes
266 1804 431 1866 recentiori
451 1804 523 1884 jure
551 1805 719 1883 institutae,
736 1814 771 1868 ut
788 1807 832 1869 ibi
850 1807 1002 1888 juvenes,

64 1899 180 1981 procul
194 1918 214 1960 a
226 1897 480 1960 distractionibus
495 1899 612 1976 saeculi,
627 1898 659 1958 in
677 1899 826 1976 scientiis,
846 1901 879 1961 in
893 1919 1006 1962 mune-

68 1995 159 2054 ribus
173 1991 368 2053 clericalibus
382 1991 596 2053 instituantur.

112 2087 188 2149 Sola
202 2085 378 2146 differentia
400 2103 438 2144 ea
457 2091 523 2161 est,
548 2085 633 2164 quod
654 2085 760 2162 hodio,
782 2103 839 2164 pro
860 2085 933 2147 solis
947 2085 1007 2146 ini-

67 2179 186 2243 tiandis
210 2178 350 2256 clericis,
368 2177 443 2238 olim
466 2197 523 2256 pro
548 2177 694 2239 omnibus
713 2178 808 2239 etiam
831 2178 1006 2240 senioribus

68 2276 263 2334 servaretur.
287 2273 369 2350 Ergo
389 2271 533 2332 videmus
555 2289 575 2331 a
594 2271 708 2332 saeculo
724 2272 843 2351 quinto,
861 2271 1008 2352 quaedam

69 2366 195 2428 semina
215 2364 308 2445 hujus
323 2364 543 2441 institutiouiS,
566 2383 629 2425 non
651 2369 756 2426 autem
771 2365 922 2427 institutio
937 2384 1010 2444 per-

70 2461 166 2521 fecta.
193 2459 267 2518 Haec
289 2457 409 2518 semina
436 2457 562 2518 evoluta
590 2463 744 2536 apparent
770 2459 871 2539 magis
893 2459 1008 2521 saeculo

71 2556 162 2613 sexto
177 2549 423 2630 obsequentibus
440 2571 446 2611 :
462 2550 618 2629 siquidem
630 2551 769 2629 collapsa
778 2571 836 2630 per
850 2571 921 2612 eam
936 2555 1010 2611 aeta-

72 2650 141 2709 tem
167 2644 233 2706 vita
255 2643 435 2720 communi,
461 2644 607 2723 quaedam
627 2644 755 2704 luerunt
778 2645 915 2722 capitula
939 2661 1011 2722 quae

76 2737 177 2801 veleri
193 2735 365 2815 disciplina
377 2735 518 2798 tenacius
533 2735 735 2797 inhaeserunt.

118 2834 223 2904 Quare
245 2831 347 2890 clerus
371 2829 423 2910 qui
441 2829 601 2890 nesciebat
617 2828 849 2890 distinctionem
867 2830 949 2891 inter
963 2847 1014 2890 re-

75 2925 221 3005 gularem
240 2929 273 2983 et
286 2923 478 3000 seculorem,
497 2923 612 3001 ooepit,
631 2923 807 3000 prasertim
824 2924 938 2984 saeculo
959 2923 1015 2984 de-

77 3019 172 3094 cimo,
186 3017 268 3078 hene
278 3015 508 3077 distinctionem
519 3015 665 3094 experiri,
678 3019 712 3077 ut
724 3015 774 3076 alii
786 3017 945 3098 reputares,
962 3016 1014 3077 ulii

75 3111 221 3172 seculares
249 3109 436 3171 dicerentur.
460 3109 522 3171 Sed
544 3109 669 3169 videtur
690 3108 784 3190 hujus
808 3107 1015 3171 distinctionis

78 3203 256 3265 intellectus
265 3203 358 3282 louge
374 3221 440 3264 esse
456 3202 496 3263 ab
508 3201 660 3262 hodierno
669 3201 840 3264 intellectu.

122 3296 266 3376 Namque
279 3315 342 3356 non
356 3295 630 3374 distinguebantur
639 3295 800 3374 regulares
817 3298 848 3356 et
860 3293 1016 3355 seculares

81 3395 236 3469 tanquam
258 3388 284 3450 si
304 3388 347 3449 illi
370 3388 587 3451 consociarent
607 3387 858 3448 monachismum
882 3390 912 3447 et
928 3385 1019 3446 cleri·

84 3486 203 3559 catum,
221 3481 374 3543 hiantem
389 3500 451 3542 nou
466 3480 527 3555 sio;
543 3482 598 3544 sed
614 3487 768 3562 quatenus
785 3479 827 3541 illi
843 3482 947 3540 essent
962 3497 1020 3538 an-

83 3577 181 3657 tiquae
208 3576 326 3654 regula)
353 3575 577 3648 observantes;
603 3575 635 3635 hi
659 3593 733 3636 vero
753 3574 793 3634 ab
815 3572 869 3634 illa
889 3571 1022 3648 defecisf

157 3696 221 3740 rou.
244 3699 261 3737 ι.
904 3682 936 3736 ¹9
