2518 4144
325 385 432 434 rueres
454 385 606 432 serenus
627 383 710 432 runs
732 383 885 432 usnemu.
1031 371 1067 432 l'l

136 498 444 609 ministri'supremae
467 529 679 605 auctoritatis,
696 527 753 588 sed
770 529 920 608 tanquam
935 527 1068 590 ministri

136 621 265 699 Christi,
282 621 335 703 qui
351 641 409 702 per
432 621 590 684 Christum
611 638 744 700 nempe,
761 637 824 681 nnn
844 637 901 699 per
913 619 1066 698 homines,

136 715 296 796 legatione
311 719 402 777 erent
415 714 565 794 insigniti.

179 808 301 886 Duplex
323 825 399 887 erge
425 825 445 868 e
468 807 589 869 Christo
615 805 674 868 fuit
697 806 856 868 institutus
875 806 1069 870 austeritatis

137 901 276 981 gradus:
299 900 433 980 primus,
461 918 625 980 supremus
644 903 676 961 et
688 899 916 978 independens,
933 901 1025 960 Petro
1040 903 1071 962 et

135 992 334 1056 universitati
350 993 564 1072 apostolerum
577 993 723 1067 eolletus3
738 991 894 1054 secundus
909 1009 984 1053 vero
997 1009 1071 1072 pro-

134 1086 226 1166 prius
251 1085 446 1165 singulorum
472 1086 701 1167 apostulorum,
726 1084 879 1148 obnoxius
905 1083 1002 1166 priori
1030 1085 1070 1146 ab

135 1179 270 1259 ipsoque
282 1179 474 1260 dependens.

176 1273 227 1335 Vl.
252 1274 325 1334 llaee
349 1272 452 1333 ferma
470 1271 631 1352 regiminis
654 1289 674 1332 a
699 1269 820 1334 Christo
845 1271 983 1334 stabilite
1007 1289 1069 1334 non

133 1365 195 1426 fuit
206 1364 360 1443 precaria,
373 1365 429 1425 sed
442 1367 605 1444 perpetue.
622 1366 689 1426 lloe
702 1363 785 1425 enim
802 1363 929 1426 suadet:

82 1486 85 1490 ·
178 1461 211 1518 l⁰
229 1459 349 1519 Natura
368 1457 524 1520 societatis
544 1475 614 1537 quae
633 1461 700 1519 tote
718 1457 835 1536 pendet
851 1475 871 1518 a
886 1456 1021 1536 positive
1040 1461 1072 1522 et

135 1553 285 1613 eunereta
292 1549 496 1628 institutione,
509 1551 609 1630 qualis
617 1549 756 1612 lleelesia
767 1553 825 1612 est.
838 1549 978 1612 Christus
986 1550 1070 1612 enim
1111 1551 1143 1696 pp

135 1661 201 1704 non
215 1643 349 1704 instituit
364 1642 540 1720 Eeelesieun
554 1643 586 1703 in
598 1643 768 1720 abstracto,
785 1641 841 1704 sed
859 1642 892 1704 in
910 1645 1067 1706 concreto.

134 1737 228 1799 Unde
239 1734 353 1796 modus
368 1735 491 1796 essendi
506 1735 695 1814 itepositive
712 1735 907 1818 institutione
925 1734 1070 1798 determi-

135 1831 231 1890 natur
246 1831 282 1889 ut
295 1827 335 1889 sit
352 1827 426 1890 huie
448 1828 588 1890 soeieteti
604 1828 798 1902 neeessaria;
822 1827 906 1889 unde
928 1828 954 1889 si
969 1828 1071 1890 torma

136 1921 310 1983 essentialis
322 1921 425 2000 periit,
437 1921 506 2000 ipsa
515 1921 627 1983 Christi
643 1919 782 1982 Ecclesia
796 1920 908 2000 periit:

177 2013 276 2075 Aliter
294 2013 408 2076 aeeidit
422 2013 455 2074 in
469 2013 551 2076 civili
567 2016 660 2090 statu,
680 2013 835 2094 siqnidem
854 2015 968 2074 nature
981 2012 1071 2075 eivile

136 2105 330 2168 consortium
346 2105 510 2167 hominum
519 2124 583 2166 non
595 2105 786 2167 determinet
798 2106 830 2166 in
843 2109 1001 2181 senoreto,
1016 2104 1072 2166 sed

135 2198 170 2260 in
185 2197 340 2278 abstracto
358 2201 493 2276 tantum,
510 2215 566 2260 seu
582 2197 659 2260 ordo
675 2197 798 2259 serialis
814 2201 987 2276 spontanee
1006 2214 1072 2259 nro·

135 2289 232 2352 vebat
250 2290 392 2352 homines
415 2291 448 2351 in
469 2293 586 2354 statum
609 2290 749 2364 civilem;
777 2289 832 2350 sed
855 2307 1017 2371 nunquam
1041 2289 1073 2350 in

135 2386 282 2444 concreto
295 2383 519 2445 determinatus
534 2385 581 2446 est
594 2383 646 2444 ille
664 2387 773 2445 status.
790 2382 880 2445 Unde
895 2383 1008 2444 modus
1023 2401 1073 2444 es-

135 2475 225 2536 sendi
240 2474 419 2555 hujusmodi
433 2479 543 2554 status,
559 2475 673 2537 limites
687 2475 836 2538 territorii
850 2479 882 2537 et
891 2476 993 2537 forma
1003 2476 1071 2557 ejus

136 2567 294 2628 habentur
307 2571 459 2648 tanquam
469 2570 577 2631 lormae
592 2568 815 2645 eeeidenteles,
830 2569 916 2630 modi
927 2569 1069 2630 acciden-

135 2660 215 2722 tales
237 2661 383 2722 actuandi
409 2661 459 2722 vel
487 2660 700 2742 congregandi
720 2661 902 2722 societatem
926 2659 1011 2720 illam
1037 2661 1068 2722 in

135 2751 306 2830 abstracto,
315 2772 370 2814 seu
383 2753 592 2815 determinant
601 2754 633 2815 in
642 2757 787 2815 concreto
802 2752 984 2814 soeietatem
1000 2771 1070 2834 quse

134 2848 230 2907 antee
244 2845 385 2908 instituta
405 2847 463 2910 fuit
477 2847 510 2907 in
529 2847 697 2908 abstracto.
722 2849 894 2925 Propterea
912 2847 1071 2908 veteribus

135 2937 239 2999 modis
252 2938 440 3000 abeuntibus
454 2943 485 3001 et
502 2939 590 3002 novis
605 2938 827 3000 accedentibus
847 2957 910 3000 non
925 2940 1007 3017 perit
1021 2958 1072 3001 so·

136 3030 234 3092 eletas
245 3031 354 3109 civilis,
368 3032 442 3112 quie
456 3032 568 3093 modus
583 3035 705 3094 nonest
716 3031 760 3091 illi
773 3032 956 3092 essentialis.

177 3123 298 3185 Suadet
308 3127 340 3184 2⁰
348 3123 442 3204 hujus
456 3124 865 3204 regiminisperpetuitatem
874 3123 1070 3187 mensGhris-
1151 3115 1161 3186 ’.

134 3216 171 3294 ti,
189 3216 243 3296 qui
260 3234 318 3295 per
338 3235 410 3278 eam
426 3217 525 3279 voluit
543 3218 706 3279 consulere
728 3236 792 3278 nun
806 3217 899 3279 unius
920 3218 1070 3296 temporis

135 3309 297 3387 lleelesiae,
315 3309 417 3372 sedet
433 3310 587 3372 universae
602 3309 743 3373 seeieteti
766 3329 862 3391 quam
874 3311 1067 3386 instituebat,

133 3405 165 3463 et
180 3419 251 3481 quse
268 3402 310 3462 ad
336 3403 432 3463 finem
452 3421 551 3483 usque
571 3403 679 3463 mundi
703 3403 854 3464 duratura
877 3407 955 3463 erat.
979 3401 1068 3462 Unde
1174 3461 1178 3468 ,

133 3511 204 3574 quae
220 3495 261 3556 ad
275 3494 467 3574 primitivam
482 3496 654 3558 Ecclesiam
667 3499 857 3576 spectarunt,
872 3495 940 3556 haee
950 3493 991 3553 ad
1001 3511 1066 3553 om-

132 3586 221 3648 nium
233 3591 413 3667 temporum
425 3588 597 3650 Eeelesiem
613 3588 823 3667 pertinebant.
844 3585 963 3647 Eadem
985 3585 1070 3647 eninr
