2542 4122
340 339 377 385 ou
400 341 528 421 oarucro
548 341 640 387 sonis·
653 341 807 390 canonici.
980 335 1037 394 tlt

111 484 230 564 copalis
260 485 394 546 evaserit
424 485 549 566 quando
575 487 615 548 ab
644 485 790 565 episcopo
825 487 1039 567 independens

111 579 195 639 facta
213 581 269 640 est.
620 573 624 580 ’
769 611 771 614 -

153 671 232 732 Hinc
257 671 383 732 videtur
407 673 527 750 priores
549 673 697 749 abbates,
724 671 875 735 babentes
895 673 1042 754 jurisdic-

111 764 229 825 tionem
245 763 334 843 quasi
350 763 569 842 episcopalem,
584 765 745 843 regulares
763 765 875 840 fuisse3
897 766 953 827 sed
972 786 1043 828 suc-

114 875 203 917 cessu
217 859 395 934 temporum
413 856 463 917 vel
478 856 551 934 quia
568 857 725 917 nonnulla
746 856 892 936 abbatiae,
907 860 1049 938 propria?

114 948 357 1024 monachorum,
379 949 468 1009 factae
490 951 563 1009 sunt
579 948 713 1028 proprior
735 949 920 1011 clericorum
944 971 1045 1013 saecu-

115 1042 247 1117 larium,
269 1041 319 1100 vel
340 1041 413 1119 quia
434 1041 591 1101 nonnullae
614 1040 746 1102 abbatia
768 1059 825 1120 pro
845 1043 965 1104 clericis
987 1062 1045 1104 sae-

117 1133 275 1195 cularibus
307 1133 347 1193 ad
376 1133 475 1194 instar
501 1134 747 1194 monasticarum
772 1134 895 1196 illarum
919 1137 1046 1198 fuerunt

117 1227 287 1302 institutae,
309 1226 495 1286 factumest
518 1231 552 1287 ut
575 1226 668 1286 hodie
692 1227 821 1288 abbates
846 1229 1006 1309 regulares
1028 1247 1046 1289 a

118 1318 322 1379 saecularibus
337 1318 504 1378 abbatibus
518 1317 761 1396 distinguantur.

168 1413 263 1472 XXll.
282 1411 344 1472 Sed
359 1410 499 1471 omnium
514 1411 645 1471 istorum
659 1412 827 1488 abbatum,
844 1414 1046 1494 omniumque

120 1504 318 1566 abbatiarum
335 1522 397 1564 non
414 1521 478 1563 una
495 1507 541 1564 est
555 1504 690 1582 speciae,
706 1507 737 1565 et
758 1504 886 1584 quidem
905 1506 1048 1566 conside-

119 1602 190 1658 rata
217 1597 248 1656 iu
275 1595 384 1656 ordine
410 1596 451 1656 ad
478 1596 684 1675 quantitatem
706 1596 942 1676 jurisdictionis.
969 1601 1049 1658 Nam

118 1691 171 1752 alii
191 1693 264 1750 sont
282 1689 411 1750 abbates
430 1689 483 1768 qui
501 1689 619 1750 habent
637 1689 726 1768 quasi
742 1689 902 1750 dioecesim
922 1690 1049 1752 omnino

119 1783 299 1845 distinctam
310 1801 328 1842 a
339 1781 448 1861 quavis
458 1781 584 1842 dioecesi
598 1781 778 1860 episcopali,
787 1799 921 1860 quornm
936 1799 1050 1860 nempe

121 1874 251 1937 abbatia
271 1877 318 1935 est
341 1877 427 1934 extra
453 1873 625 1952 quamlibet
648 1873 819 1933 dioecesim.
842 1874 880 1933 Hi
905 1874 1052 1935 dicuntur

121 1968 240 2029 abbatae
261 1966 369 2026 outline
391 1965 535 2042 dicacem,
557 1970 589 2026 et
605 1965 776 2024 maximum
802 1964 921 2026 habent
941 1966 973 2024 in
993 1965 1052 2024 hac

122 2059 284 2139 categoria
302 2059 446 2144 gradum,
461 2075 497 2118 ac
517 2074 582 2135 prae
602 2055 724 2118 caeteris
744 2055 888 2117 omnibus
905 2056 1054 2135 jurisdic-

122 2153 201 2216 tioni
217 2151 371 2213 accedunt
384 2150 563 2231 episcopali.

97 2299 100 2313 ,
166 2245 229 2307 Sed
244 2244 294 2303 alii
309 2247 381 2304 sunt
393 2243 521 2304 abbates
537 2241 590 2322 qui
605 2241 742 2320 aliquam
759 2244 874 2318 regunt
889 2238 1053 2301 eeclesiam

122 2340 208 2401 intra
230 2335 390 2398 dioecesim
414 2334 545 2415 alicujus
568 2334 705 2413 episcopi
728 2332 946 2410 constitutam,
969 2331 1053 2412 quod

125 2431 293 2510 dupliciter
304 2428 457 2508 contingit
472 2447 478 2488 :
491 2446 565 2488 nam
579 2427 747 2506 aliquando
760 2426 827 2487 haec
840 2425 972 2488 ecclesia
983 2427 1055 2487 talis

126 2527 175 2587 est
189 2527 224 2584 ut
236 2523 351 2584 habeat
365 2521 482 2582 olerum
505 2525 536 2581 et
546 2520 698 2598 populum
714 2519 771 2579 sihi
787 2519 948 2596 proprium
962 2539 968 2578 :
982 2519 1054 2578 inde

125 2619 163 2679 tit
181 2620 216 2678 ut
234 2615 403 2676 constituat
426 2613 514 2693 quasi
538 2611 698 2672 dioecesim
721 2611 804 2671 intra
826 2610 1001 2686 dioecesim,
1023 2610 1055 2669 id

127 2713 190 2786 est,
205 2727 268 2770 non
280 2708 396 2768 habeat
410 2706 536 2785 quidem
555 2704 746 2766 territorium
765 2705 945 2781 separatum
960 2719 980 2761 a
993 2705 1057 2762 ter-

126 2801 236 2864 ritorio
259 2799 445 2878 episcopali,
460 2798 515 2858 sed
534 2795 750 2858 tantummodo
771 2794 889 2855 clerum
907 2793 965 2855 sibi
985 2811 1058 2872 pro-

126 2894 243 2975 prium.
258 2890 444 2972 Hujusmodi
470 2889 603 2950 abbatiae
626 2888 772 2948 dicuutur
785 2887 871 2968 quari
887 2885 1010 2963 nullius,
1028 2891 1059 2946 et

127 2987 272 3050 obtinent
288 2985 423 3065 gradum
439 2982 579 3043 medium
593 2982 625 3040 in
640 2981 699 3040 hac
714 2980 883 3058 categoria.

172 3080 233 3142 Sed
244 3079 296 3139 alii
307 3081 379 3138 sunt
389 3077 518 3137 abbates
528 3075 580 3154 qui
591 3074 708 3134 habent
718 3073 882 3133 ecclesiam
891 3073 972 3134 intra
983 3071 1058 3132 dice·

129 3174 227 3236 cesim
251 3169 383 3250 alicujus
407 3167 543 3247 episcopi
568 3166 780 3242 constitum,
797 3183 932 3244 quorum
953 3169 1058 3224 tamen

129 3265 301 3330 auctoritas
318 3281 381 3323 non
400 3260 587 3336 extenditur,
605 3258 664 3319 nisi
684 3258 724 3317 ad
743 3257 872 3319 clericos
886 3257 936 3318 vel
950 3271 1060 3314 mona-

129 3361 207 3422 chos
223 3358 275 3438 qui
290 3356 333 3416 illi
349 3354 488 3416 ecclesiae
501 3353 551 3413 vel
565 3349 754 3412 monasterio
768 3354 841 3410 suut
854 3347 987 3418 addicti;
1005 3344 1061 3404 sed

130 3471 195 3515 non
223 3450 342 3510 habent
370 3444 572 3508 christianam
601 3443 725 3523 plebem
750 3459 845 3519 quam
868 3439 1060 3517 gubernent,

131 3533 306 3625 eorumque
328 3540 498 3604 auctoritas
519 3539 601 3600 intra
620 3535 755 3614 parietes
774 3530 913 3593 ecolesiae
932 3531 981 3591 vel
997 3549 1063 3594 mo·

222 3665 285 3710 rou.
307 3666 326 3710 i.
943 3640 975 3698 ¹3
