2542 4122
271 410 276 414 ,
376 353 416 402 nn
437 355 565 403 omrem
583 357 667 402 iuris
688 357 844 407 canonici.
1010 343 1073 406 243

141 497 1075 578 temepiscopalissollicitudinisvooatisuut.Namhicmnes

141 591 287 652 membra
300 597 373 652 sunt
396 591 519 669 collegii
534 590 618 669 quod
643 592 815 670 respective
836 591 870 652 iu
891 589 1075 671 hujusmodi

141 683 281 763 synodos
294 687 538 762 congregantur.

184 780 328 852 Demum,
345 777 430 855 quod
444 777 549 840 locum
567 781 688 855 spectat
702 778 753 837 vel
773 780 899 855 tempus
918 776 1073 838 habende

141 869 269 949 synodi,
280 869 357 928 nibil
365 869 404 929 de
416 870 484 930 loco
495 888 641 949 expresse
649 870 813 931 definitum
821 869 968 930 babetur.
984 869 1074 932 Unde

143 962 268 1024 arbitrii
280 963 449 1040 superioris
464 967 512 1024 est
531 963 615 1024 bunc
626 963 730 1024 locum
745 963 861 1042 eligere
874 981 969 1041 quem
989 980 1075 1024 com-

142 1056 318 1116 modiorem
327 1054 526 1134 judicaverit,
541 1055 614 1118 licet
630 1057 744 1133 synodi
758 1074 821 1118 non
836 1055 973 1116 debeant
987 1057 1075 1116 extra

141 1147 451 1210 territoriumbaberi
459 1148 542 1209 illius
552 1141 767 1228 collegitquod
778 1147 1074 1210 convenitlletem-

141 1259 220 1319 pore
232 1259 307 1302 vero
318 1239 396 1300 nihil
406 1239 569 1302 definitum
584 1247 631 1301 est
645 1257 702 1318 pro
717 1239 911 1302 oecumeuioo
922 1239 1071 1314 concilim

141 1333 222 1392 nihil
232 1333 326 1393 etiam
336 1333 375 1392 de
391 1332 611 1394 nationalibus.
628 1332 689 1394 Sed
698 1351 755 1412 pro
767 1331 1011 1411 provincialibus
1022 1332 1073 1393 vel

143 1425 330 1486 dioecesenis
340 1424 469 1503 synodis
478 1425 641 1486 definitum
650 1424 866 1488 astaconcilio
877 1424 1071 1502 Tridentino,

142 1538 204 1579 ses.
230 1522 279 1594 st,
296 1518 336 1578 de
355 1517 496 1594 reform,
520 1536 587 1596 cap.
611 1521 641 1594 Ξ,
658 1522 693 1579 ut
715 1517 922 1596 provinciales
943 1517 1074 1597 singulis

140 1610 296 1688 trienniis,
305 1610 491 1672 dioecesanae
505 1606 671 1690 quotannis
680 1610 867 1672 habeantur.
876 1609 993 1672 Verum
1005 1609 1073 1672 baso

141 1704 239 1765 etiem
265 1702 389 1764 concilii
412 1703 572 1781 dispositio
599 1721 637 1764 ex
660 1702 814 1764 hodierna
847 1701 1073 1764 consuetudine

141 1797 288 1858 exolevit.
305 1798 384 1856 Nam
399 1796 439 1855 ad
449 1795 586 1874 synodos
600 1795 808 1874 provinciales
822 1794 908 1874 quod
920 1794 1070 1872 pertinet,

141 1890 186 1951 ob
198 1889 407 1968 frequentiam
413 1887 555 1968 jurgium
569 1905 639 1966 quae
655 1887 879 1966 contingebant
891 1886 974 1948 inter
991 1886 1073 1964 epis-

140 1999 250 2060 copus,
262 1985 413 2043 statutum
426 1981 514 2041 brito
529 1982 561 2042 S.
578 1981 613 2041 G.
630 1978 754 2040 concilii
768 1979 858 2057 (uste
868 1978 908 2038 ds
926 1976 1023 2055 Luca)
1038 1980 1074 2038 ut

140 2074 230 2153 prius
244 2073 354 2135 baberi
367 2091 430 2134 non
450 2074 580 2151 possint,
606 2071 667 2133 nisi
687 2071 816 2132 obtenta
838 2070 932 2132 venia
954 2087 974 2130 a
997 2068 1073 2130 sede

140 2167 333 2244 apostolioe;
361 2165 446 2246 quod
468 2169 500 2228 et
522 2184 579 2244 pro
608 2163 821 2226 nationalibus
845 2162 946 2226 multo
971 2161 1073 2240 magn

140 2261 339 2321 observatur.

183 2355 243 2412 Pro
259 2352 445 2412 dioecesanis
468 2369 559 2428 vero,
576 2351 629 2412 vix
651 2350 748 2412 semel
762 2353 818 2412 aut
835 2349 950 2412 iterum
971 2348 1073 2410 solent

141 2445 293 2523 episcopi,
308 2445 341 2504 in
350 2447 416 2506 toto
427 2445 477 2505 sui
483 2445 681 2522 episcopatus
692 2447 845 2522 tempore,
861 2441 1072 2504 dioecesanam

140 2537 300 2614 synodum
314 2555 518 2616 congregare,
535 2537 674 2598 contenti
685 2540 768 2598 utea
783 2535 990 2596 observentur
1001 2553 1072 2613 quae

140 2631 175 2689 in
198 2630 426 2708 antiquioribus
447 2629 575 2708 synodis
598 2629 726 2689 decreta
741 2627 908 2688 habentur.
932 2625 994 2688 Sed
1012 2627 1073 2686 Be-

140 2721 215 2784 ned.
232 2725 312 2800 XIV,
325 2723 364 2782 de
375 2741 446 2800 syn.
464 2722 569 2797 disco,
582 2721 637 2782 lib.
650 2725 678 2796 l,
691 2738 760 2796 cap.
775 2721 806 2794 6,
827 2721 918 2796 putat
929 2717 1071 2780 excusari
1103 2777 1107 2784 ,

140 2832 205 2874 non
215 2832 306 2891 posse
321 2815 505 2893 episcopum
518 2814 582 2893 qui,
599 2813 718 2892 absque
729 2811 816 2891 justa
828 2828 935 2888 causa,
958 2810 1073 2889 synodi

142 2906 387 2968 celebrationem
398 2907 525 2968 omnino
539 2904 786 2983 praetermiserit.

181 3001 233 3060 Vl.
250 2997 397 3079 Leyitcmc
410 2998 564 3059 celebratio
578 2997 720 3058 consistit
731 2997 764 3057 in
780 2997 896 3058 actuali
915 3000 1072 3058 conventu

141 3092 284 3153 omnium
302 3093 342 3152 de
361 3093 492 3171 collegio
506 3091 564 3152 sub
582 3093 709 3168 pastore
728 3090 868 3168 principe
888 3090 1072 3152 constituto-

141 3203 229 3262 rum,
252 3185 322 3262 nbi,
339 3185 471 3246 servatis
486 3184 525 3245 de
537 3183 610 3264 Jure
630 3183 804 3260 servandis,
822 3183 910 3246 dere
924 3180 1071 3242 Ecclesiae

40 3272 43 3279 ’
141 3278 204 3338 sibi
220 3279 394 3338 commissae
418 3277 602 3338 deliberent.
634 3275 710 3336 lnde
741 3274 899 3355 estquod
925 3272 966 3334 ad
990 3272 1071 3332 banc

142 3371 239 3432 etiam
253 3371 455 3450 requirantur
468 3389 476 3430 ε

184 3457 1069 3541 l⁰Praesidentiaoniuspostorisquicollegiisitpriuceps,

141 3557 245 3637 qualis
254 3559 302 3618 est
312 3574 370 3635 pro
392 3551 588 3618 oecumenica
601 3552 723 3632 synodo
738 3553 898 3614 Romanus
912 3548 1069 3625 Pontiiex3
