2542 4122
212 341 271 404 m
421 351 653 402 1rsr1rnrrours
673 351 757 400 rums
777 351 932 399 erronice

212 499 245 562 in
271 497 374 561 officio
398 498 451 560 illo
484 497 534 560 cui
559 500 673 578 praeest
702 495 837 558 vicarius
861 496 1032 574 generalis,
1066 497 1152 576 quod

213 595 382 674 propterea
395 591 555 654 vicwiotue
567 590 691 652 dicitur.
706 589 755 651 Ad
765 607 933 666 summum,
944 589 1001 650 ubi
1024 589 1153 652 distino

212 690 280 749 tum
301 688 348 748 est
366 684 504 746 officium
531 683 639 744 vicarii
664 699 828 743 emunere
854 680 1008 758 officialis,
1026 682 1083 743 vel
1099 683 1152 745 ubi

213 779 394 842 distinctum
414 779 461 838 est
483 794 598 837 munus
611 774 719 836 vicarii
734 773 903 835 dioecesani
919 791 939 833 e
957 791 1096 835 munere
1110 775 1156 837 vi·

214 871 290 933 cerii
305 869 514 949 provincialis,
530 867 730 948 distinguitur
743 867 776 929 in
785 866 961 928 virectum
974 869 1009 928 et
1035 867 1155 948 officio-

216 965 319 1038 latcm,
333 966 393 1024 cte.
461 981 463 986 ·

253 1059 318 1118 Nec
330 1055 513 1116 dissimilem
526 1054 622 1115 habet
634 1053 768 1116 formum
783 1052 853 1131 ipse
867 1070 1002 1113 romane
1017 1053 1112 1116 curie
1124 1053 1154 1114 in

154 1174 158 1182 ¹
215 1152 367 1230 quantum
387 1148 567 1210 dioecesana
581 1150 638 1207 est.
652 1147 698 1206 Ea
711 1144 796 1206 enim
813 1144 956 1207 consistit
968 1145 1003 1206 in
1017 1145 1156 1208 vicarie·

213 1246 283 1304 tum
297 1241 348 1302 cui
360 1243 474 1320 praeest
484 1238 651 1301 cardinalis
665 1237 813 1314 vicarius,
826 1237 879 1318 qui
894 1237 1111 1318 coadjuvantur
1125 1239 1156 1300 in
1249 1295 1250 1312 ξ

213 1352 344 1395 munere
360 1352 415 1394 suo
432 1352 451 1393 a
469 1333 598 1411 praelato
613 1331 665 1392 illo
686 1331 739 1411 qui
763 1330 878 1391 dicitur
896 1331 971 1392 cicer
988 1350 1111 1410 pererro,
1128 1337 1158 1394 et

214 1423 418 1486 duobuseliis
438 1423 624 1486 officialibus
635 1422 803 1506 primariis,
823 1421 876 1502 qui
896 1421 1048 1484 dicuntur
1063 1425 1158 1486 bace

214 1523 350 1593 tenentes,
365 1517 444 1577 alter
459 1517 564 1592 cioilr's,
576 1515 655 1577 alter
664 1515 836 1602 criminalis,
848 1515 1032 1577 vicariatus.
1051 1518 1157 1580 Habet
1249 1555 1250 1574 2

214 1609 309 1671 etiem
331 1609 575 1686 etsecretoriom,
599 1607 653 1686 qui
680 1609 788 1670 Romee
812 1626 874 1669 non
895 1605 994 1668 habet
1014 1609 1157 1672 officium

213 1701 305 1764 vulde
319 1701 502 1762 dissimilem
512 1701 552 1762 eb
562 1701 615 1762 illo
625 1700 709 1780 quod
720 1699 817 1761 habet
828 1699 1021 1761 concellarius
1032 1701 1067 1762 in
1080 1703 1157 1764 dioe·

214 1792 348 1855 oesibus.
374 1795 490 1855 Omnes
512 1792 563 1854 isti
585 1792 815 1873 coadjuvantur
827 1791 979 1854 ministris
1000 1796 1156 1856 secunda·
1249 1857 1250 1862 ,

213 1886 278 1963 riis,
302 1885 386 1946 unde
410 1888 533 1947 constet
543 1889 611 1946 tum
631 1885 861 1962 tribunatum
879 1885 1054 1948 secretoria
1070 1887 1156 1950 viee·
1249 1919 1250 1934 2

213 1978 323 2041 rietus.

254 2073 363 2134 XXIX.
397 2071 459 2133 Sed
484 2071 517 2131 in
542 2073 694 2150 quantum
717 2073 765 2130 est
793 2069 880 2131 curie
898 2070 939 2130 ed
973 2071 1156 2135 universam

213 2163 393 2245 reipublice
411 2163 589 2224 christienae
613 2181 732 2238 curam,
753 2163 894 2241 pluribus
914 2163 1078 2226 redundet
1093 2169 1156 2228 'ne-

212 2258 316 2337 gotiis
334 2259 409 2319 Post
432 2255 597 2317 ulteriores
616 2255 864 2316 modificationes
885 2255 1034 2319 inductos
1057 2276 1079 2318 n
1098 2259 1157 2320 Be-

213 2349 338 2410 nedicto
364 2351 445 2424 XIV,
469 2347 672 2426 distinguitur
696 2346 728 2408 in
752 2346 831 2408 dues
849 2347 1004 2410 sectiones
1022 2368 1030 2410 :
1046 2352 1155 2430 oratic

189 2447 191 2452 ’
207 2457 325 2517 nempe
341 2443 372 2500 et
378 2439 521 2523 justitior.

252 2530 458 2610 Gurieprouti
474 2531 705 2612 diciturgretiae
718 2534 1041 2596 constntcencellerie
1063 2554 1152 2615 epos·

211 2625 316 2703 telice,
333 2623 465 2701 careia,
483 2643 619 2702 comere,
630 2624 863 2704 poenitentiarie
876 2626 1032 2705 ettriplici
1050 2646 1151 2690 secre-

211 2719 304 2796 tnrie,
321 2735 391 2798 quae
414 2735 499 2778 nunc
523 2720 727 2779 voceturune
740 2717 951 2796 memoratum,
973 2719 1078 2782 altere
1092 2720 1151 2782 bre
1249 2733 1250 2736 ’

212 2811 302 2886 vium,
312 2810 406 2872 tertie
420 2817 523 2872 statue.

251 2901 345 2964 (luris
358 2905 464 2964 nutem
478 2901 608 2984 justitiae
623 2905 746 2966 constet
758 2922 843 2964 sorra
854 2913 930 2981 roto,
948 2907 980 2966 et
993 2904 1149 2986 sipontum

210 2993 260 3099 vel
281 2993 391 3074 gretiae
424 2995 473 3056 vel
492 2994 633 3076 justitie,
656 3013 712 3056 seu
738 2995 841 3076 prouti
868 2995 998 3074 dicitur,
1021 3006 1147 3080 utruque

209 3097 480 3260 nngtrlibapcotioe.
506 3183 536 3241 l⁰
558 3178 754 3258 Cooccllarr‘o,
776 3179 868 3261 juxte
892 3183 1034 3242 veterem
1055 3201 1146 3246 suem

210 3272 446 3349 institutionem,
469 3276 606 3352 praeeret
640 3272 831 3352 supplicibus
862 3273 974 3333 libellis
1002 3276 1146 3336 Romano

104 3395 106 3400 v
210 3366 354 3428 Pontifici
382 3365 550 3426 offerendis
579 3363 703 3444 illisque
727 3364 942 3444 expediendis.
969 3365 1016 3426 Illi
1041 3368 1146 3445 praefi·

210 3456 350 3518 ciebetur
372 3457 511 3534 quidem,
536 3457 589 3536 qui
616 3457 779 3519 dicebatur
801 3459 1000 3536 cancellarios,
1024 3477 1045 3520 e
1074 3478 1144 3520 cun·

210 3545 294 3606 cellis
309 3549 422 3624 quibus
435 3547 641 3610 claudebatur
654 3547 705 3609 hic
718 3549 869 3626 officialis,
882 3550 1009 3630 quondo
1023 3551 1143 3631 suppli·
