2502 4130
205 373 264 440 338
413 385 646 436 msnrunouus
666 387 749 434 sums
773 385 928 433 canourcr.

204 534 371 617 siquidem,
395 536 430 596 nt
443 533 556 594 melius
572 551 608 594 ac
630 531 753 594 facilius
772 531 929 610 simplices
944 529 1145 609 deciperent,

135 691 141 710 ‚
204 631 424 710 paupertatem
450 627 722 706 humilitatemque
756 629 788 687 et
815 626 874 705 ipsi
909 624 1062 686 simulare
1089 623 1147 684 risi

205 727 289 800 sunt,
305 725 341 782 ut
358 720 397 780 de
419 719 640 796 Valdensibus,
658 719 698 780 de
709 719 915 796 Fratricellis,
931 718 971 779 de
986 717 1145 793 Catharis,

205 816 307 896 deque
320 812 469 893 Beguinis
481 831 537 873 seu
547 812 722 891 Beguardis
738 813 982 891 comprohatum
999 815 1058 872 est.
1230 891 1231 896 ἵ

245 911 286 970 L't
305 923 380 986 crgo
401 903 562 985 hypocrisi
577 906 785 967 sectariorum
800 909 1017 984 opponeretur
1040 923 1147 964 exem-

204 999 586 1082 piumveraepaupertatis
596 1017 744 1078 veraeque
753 999 940 1060 humilitatis
951 997 1143 1074 christiana,

205 1093 361 1156 excitabat
382 1093 465 1152 Deus
486 1090 630 1152 instituta
644 1091 834 1154 omnimodae
846 1091 1060 1170 paupertatis,
1078 1108 1146 1170 quae

152 1201 163 1223 ·
205 1188 470 1265 contraponerent
482 1183 608 1244 illarum
627 1184 779 1247 virtutum
799 1185 979 1263 exemplum
1004 1184 1102 1246 fastui
1118 1187 1147 1244 et

204 1279 361 1360 superbia
384 1277 534 1357 singulari
559 1277 641 1337 illius
661 1278 772 1339 aetatis.
801 1281 937 1338 Demum
964 1277 1146 1338 christiane

205 1371 343 1435 caritatis
357 1370 499 1432 activitas
522 1389 578 1430 seu
600 1370 682 1432 aetio
701 1390 797 1450 quam
819 1371 947 1432 ordines
962 1371 1145 1450 regulares,

204 1463 360 1545 perillam
375 1467 499 1524 aetatem
515 1463 647 1542 professi
666 1467 754 1540 sunt,
769 1463 916 1524 omnibus
934 1463 1056 1524 horum
1070 1467 1148 1524 tem·
1232 1475 1233 1494 ³

204 1575 317 1638 porum
332 1555 570 1618 necessitatibus
585 1560 616 1618 et
631 1557 834 1618 occurrentiis
849 1557 1014 1618 satisfecit.

243 1655 275 1712 2⁰
297 1649 348 1712 Sic
368 1668 425 1728 per
438 1653 593 1711 armatam
609 1649 754 1710 militiam
771 1651 918 1712 ordinum
933 1651 1144 1730 equestrium,

204 1743 315 1823 spiritu
328 1741 476 1802 bellicoso
492 1741 633 1804 virorum
647 1743 748 1804 aetatis
761 1743 844 1804 illius
861 1745 913 1824 qui
930 1745 1079 1824 quotidie
1090 1745 1145 1804 ha·

203 1839 294 1898 terna
316 1835 401 1896 caede
423 1852 513 1895 arma
541 1836 772 1914 cruentabant,
803 1837 954 1898 utebatur
979 1837 1014 1896 in
1042 1838 1145 1899 hostes

206 1947 399 2005 communes,
417 1929 591 1990 Saracenos
606 1948 719 2010 nempe
742 1949 798 1991 seu
819 1933 949 2007 Turcas,
972 1931 1032 2011 qui
1048 1931 1146 1993 ordini

205 2021 350 2103 religioso
365 2021 416 2082 vel
430 2020 556 2101 politico
578 2023 673 2083 totius
693 2024 828 2102 Europae
848 2023 1076 2086 imminebant.
1100 2025 1146 2087 Sic

205 2117 281 2178 dum
300 2113 461 2177 servandae
489 2114 610 2176 caritati
631 2115 714 2177 inter
738 2116 924 2178 christianos
946 2120 981 2178 et
1000 2118 1146 2179 concives

205 2209 438 2285 consulebatur,
446 2226 630 2270 communes
643 2209 749 2271 hostes
763 2210 1037 2288 propellebantur.
1050 2211 1145 2274 Simul

205 2321 262 2381 per
287 2302 354 2363 haec
375 2302 517 2363 instituta
542 2301 705 2379 militaria,
728 2303 899 2364 christiana
917 2303 1102 2366 humilitate
1117 2313 1145 2364 et

204 2393 445 2455 mansuetudine
472 2393 616 2474 equitum
640 2395 691 2456 alii
714 2395 955 2469 imbuebantur;
987 2397 1144 2477 siquidem

205 2505 268 2548 non
296 2506 430 2566 parvum
455 2491 524 2549 erat
547 2488 731 2550 humilitatis
758 2489 937 2568 exemplar,
965 2492 1143 2568 praesertim

189 2584 296 2643 ¹aetate
311 2580 375 2660 illa,
391 2581 499 2642 videre
513 2581 633 2662 equites
646 2582 698 2662 qui
713 2583 829 2644 fastum
845 2586 876 2644 et
890 2583 1077 2662 superbiam
1092 2584 1143 2644 de·

205 2677 358 2754 ponerent
377 2677 427 2752 ut,
444 2675 477 2735 in
497 2675 705 2754 hospitalibus
719 2675 881 2752 domibus,
899 2677 1098 2755 pauperibus
1115 2681 1143 2738 et

205 2768 347 2845 infirmis,
365 2767 500 2830 inimicis
515 2768 610 2830 etiam
628 2769 691 2830 suis
707 2769 878 2856 aliquando
892 2768 1102 2832 deservirent.

245 2861 275 2921 3⁰
297 2860 386 2932 Quod
406 2862 501 2923 armis
522 2862 755 2923 contendebant
774 2862 899 2922 ordines
916 2861 1089 2939 militares,
1112 2861 1141 2922 id

205 2955 341 3016 inermes
354 2955 585 3017 contendebant
599 2955 724 3016 ordines
741 2953 970 3034 Redemptoris.
988 2958 1057 3016 lmo
1077 2955 1140 3016 illo-

205 3068 276 3110 rum
297 3046 523 3126 ministerium,
540 3067 603 3110 non
622 3054 744 3111 tantum
760 3068 816 3129 pro
841 3049 1087 3111 christianorum
1109 3047 1140 3108 li-

204 3143 336 3220 bertate,
349 3140 508 3203 sedetiam
519 3160 575 3220 pro
585 3138 758 3204 infidelium
768 3143 971 3206 conversione
986 3142 1139 3204 directum

204 3237 339 3313 videtur,
363 3253 460 3315 quum
486 3234 612 3314 quidem
634 3239 743 3298 Turcae
771 3237 866 3298 etiam
890 3240 977 3298 tanto
1003 3234 1139 3298 caritatis

206 3330 348 3409 exemplo
369 3328 536 3411 aliquando
552 3334 816 3392 mansuescerent.
843 3331 977 3391 Demum
1003 3333 1035 3390 et
1061 3327 1138 3389 actio

206 3421 352 3484 ordinum
375 3421 620 3484 mendicantium
642 3423 827 3484 clericorum
848 3422 983 3484 defectui
1004 3441 1070 3483 non
1086 3441 1139 3502 pa-

207 3532 277 3571 rum
304 3515 469 3591 supplevit,
491 3519 522 3575 et
543 3515 739 3594 profligando
761 3517 907 3592 haereses,
934 3516 1039 3595 prouti
1061 3534 1136 3596 prae·

207 3601 313 3659 sertim
329 3595 690 3682 fratres'praedicatores,
712 3611 743 3667 et
761 3607 1009 3670 administrando
1034 3627 1137 3671 sacre·
