2540 4132
175 319 234 384 lat
383 331 615 383 arumnorum
633 333 717 380 rums
738 331 892 380 cornuin.

215 477 311 560 Atqui
325 476 442 540 scimus
455 476 615 538 multoties
628 475 802 537 Ecclesiam
814 473 901 553 legas
923 490 962 532 ex
972 490 1109 536 romano

172 574 245 654 jure
263 570 421 632 derivatas
436 570 469 630 in
484 569 626 630 codicem
647 586 740 630 suum
758 565 972 638 transtulisse;
990 566 1112 628 scimus

176 684 240 728 uon
258 661 482 725 contradixisse
504 679 645 740 uuquam
660 660 724 741 juri
739 659 833 736 civili,
854 658 917 718 imo
941 658 1018 718 illud
1032 677 1112 736 pro·

176 757 268 820 basse
291 754 416 837 quando
437 753 623 832 legislationi
642 771 708 814 suae
723 770 786 813 uon
804 754 886 811 esset
899 750 1105 812 contrarium.

216 851 300 928 Ergo
314 851 350 908 ut
370 846 507 906 mediam
531 864 702 925 sequamur
723 843 911 905 sententiam
930 842 1105 919 inhaere,

178 945 268 1004 caute
278 939 469 1018 distinguere
482 938 633 998 debemus
641 941 706 1000 tres
715 937 941 1014 classeslegum
950 934 1090 996 civilium
1100 954 1107 995 :

179 1036 210 1095 l⁰
234 1032 305 1094 aliae
328 1030 483 1110 siquidem
508 1030 635 1091 fuerunt
660 1048 731 1108 qua
756 1029 806 1090 vel
830 1032 982 1107 tauquam
1004 1028 1111 1088 minus

178 1125 345 1204 religiosae,
361 1125 510 1183 correcta
524 1122 647 1182 suntab
661 1121 810 1196 Ecclesia,
823 1123 1040 1199 auttanquam
1052 1120 1113 1180 im-

178 1217 252 1298 piae,
265 1214 393 1278 omnino
403 1213 580 1292 reprobatu
590 1214 734 1286 fueruut;
745 1217 777 1274 2⁰
787 1212 855 1272 aliae
868 1230 938 1291 quoe
951 1213 992 1273 ab
1006 1213 1114 1274 Eccle-

178 1308 227 1372 sia
251 1307 384 1387 positive
406 1307 534 1367 fuerunt
563 1309 698 1384 recepta
720 1309 752 1368 et
770 1304 972 1384 approbatae3
994 1307 1027 1366 3⁰
1041 1304 1113 1366 alia

181 1399 309 1462 demum
331 1418 401 1479 quae
422 1416 480 1458 uec
500 1401 635 1476 recepta
649 1415 706 1458 neo
726 1397 852 1476 rejecta
868 1400 951 1472 sunt,
968 1397 1024 1457 sed
1050 1397 1111 1457 sub

180 1491 302 1554 silentio
317 1491 444 1552 habitae.

220 1586 259 1646 X.
276 1584 330 1644 His
345 1583 464 1662 positis,
481 1599 521 1642 en
539 1582 664 1660 regulas
686 1581 725 1641 ad
747 1599 838 1641 usum
854 1581 935 1660 juris
958 1580 1059 1641 civilis
1071 1581 1112 1640 in

181 1676 438 1754 interpretatione
457 1674 629 1735 cononica:

222 1771 252 1828 l·
265 1767 340 1844 Περ.
353 1765 479 1825 Nullum
492 1765 525 1825 in
539 1766 692 1827 cononica
701 1763 952 1846 jurisprudentia
965 1766 1114 1845 suppedi-

181 1862 250 1920 tant
272 1861 493 1936 argumentum
520 1858 606 1937 leges
627 1857 733 1918 civiles
751 1875 821 1937 quae
834 1857 874 1918 ab
888 1857 1029 1918 Ecclesia
1043 1875 1114 1918 cor-

181 1953 276 2012 rectae
287 1949 338 2010 vel
352 1949 527 2029 reprobata
542 1954 624 2011 sunt.
810 2011 814 2017 ,

221 2042 312 2104 Ratio
324 2045 371 2103 est
383 2042 457 2121 quia
470 2043 555 2102 nulla
564 2045 667 2120 potest
676 2061 743 2104 esse
754 2041 929 2103 concordie
939 2059 1115 2121 praesump-

180 2135 225 2198 tio
239 2134 293 2196 ubi
308 2134 436 2196 evidens
449 2137 601 2213 appareat
614 2133 780 2195 discordia.

220 2232 252 2288 2·
264 2227 338 2307 Ray.
358 2229 527 2288 Possumus
552 2230 772 2305 argumentum
788 2230 895 2304 petere
910 2243 948 2285 ex
960 2226 1021 2286 illis
1035 2227 1115 2306 legi-

181 2320 240 2381 bus
257 2319 399 2380 civilibus
422 2337 492 2398 qua
513 2318 631 2398 injure
650 2319 858 2380 ecclesiastico
877 2321 1012 2397 receptae
1027 2323 1111 2394 sunt,

181 2428 245 2472 non
257 2427 347 2470 secus
361 2429 444 2470 acex
452 2411 574 2490 legibus
587 2411 804 2472 ecclesiasticis
818 2410 904 2490 ipsis.

221 2501 312 2565 Ratio
328 2505 375 2563 est
390 2502 465 2581 quia
478 2503 536 2564 bas
550 2504 636 2583 leges
643 2495 783 2564 Ecclesia
796 2503 939 2583 proprias
953 2503 1013 2564 sibi
1027 2503 1112 2580 fecit,

182 2596 309 2676 quando
323 2594 398 2674 ipsis
412 2613 502 2656 suam
516 2595 734 2658 auctoritatem
748 2595 906 2676 impertita
918 2599 975 2657 est.

220 2690 251 2748 3·
264 2687 339 2768 Rep.
357 2689 403 2748 Ex
425 2689 546 2750 caeteris
564 2689 686 2768 legibus
702 2689 844 2750 civilibus
862 2707 925 2750 uon
945 2707 1113 2767 possumus

183 2781 369 2859 argumenta
377 2783 484 2858 petere
496 2780 554 2841 uisi
569 2781 619 2841 vel
641 2781 680 2841 ob
698 2781 878 2861 generalem
896 2781 1113 2860 praesumptio-

181 2888 255 2932 nem
274 2871 451 2934 concordia
473 2873 555 2934 inter
578 2891 677 2933 unum
696 2877 727 2934 et
746 2873 881 2934 alterum
903 2872 967 2953 jus,
997 2873 1048 2933 vel
1073 2873 1113 2934 ob

181 2962 362 3044 generalem
384 2964 644 3042 approbationem
661 2982 757 3044 quam
775 2965 909 3027 obtinuit
929 2964 1113 3026 uuiversum

177 3053 231 3135 jus
248 3054 338 3115 civile
352 3073 372 3116 a
384 3057 415 3116 S.
431 3057 465 3116 P.
480 3056 576 3117 Lucio
590 3057 632 3117 ΙΙΙ
646 3051 727 3136 (c'ap.
745 3060 774 3134 l,
796 3057 840 3117 De
854 3057 923 3119 novi
933 3076 982 3137 op.
998 3057 1110 3135 occid,

181 3163 273 3228 equo
287 3146 412 3208 videtur
421 3147 601 3208 universum
615 3148 706 3210 civile
713 3149 766 3230 jus
779 3149 874 3210 fuisse
889 3148 1110 3229 approbatum,

181 3237 376 3319 inquantum
388 3239 534 3300 Ecclesia
549 3258 685 3301 canones
705 3241 873 3321 coadjuvat
887 3245 918 3302 et
936 3241 1113 3302 adminicu-

180 3330 273 3394 latur.
549 3387 552 3392 .

220 3423 338 3484 Verum
350 3440 421 3484 cum
436 3441 510 3484 usus
525 3423 639 3486 harum
649 3425 757 3506 legum
767 3427 916 3488 fundetur
926 3443 1022 3505 super
1032 3443 1112 3505 pra-

182 3513 391 3590 eumptionem
405 3515 455 3575 vel
468 3516 644 3578 concordiae
659 3518 709 3578 vel
724 3518 974 3597 approbationis,
989 3518 1062 3579 inde
1076 3517 1111 3578 nt
