2518 4144
305 351 412 402 noent
433 355 586 404 saeuius
606 357 690 404 auius
711 357 864 408 amcam.
1014 347 1053 410 'td

157 499 313 563 Dicuntur
341 502 449 560 autem
486 520 507 562 o
530 501 622 581 jure,
647 502 705 562 sed
726 501 858 582 serm
884 507 1047 586 mimam,

114 594 245 675 quoodo
257 593 310 673 jus
322 611 450 672 poeuem
465 594 594 673 quidem
604 594 804 672 determinet
817 597 873 658 sed
886 615 949 660 nou
962 599 1002 662 de
1015 619 1049 662 sc

112 685 246 765 indigit3
268 686 336 748 vult
369 687 453 748 enim
482 691 518 748 ut
543 687 716 748 ministerio
740 688 856 768 judicis
879 689 1047 770 indiguum.

112 783 289 858 Propterea
297 778 348 840 lex
360 780 463 858 potius
477 779 603 842 videtur
608 779 750 860 judicem
759 781 900 860 obligate
914 787 950 844 ut
971 785 1051 848 ierat

112 872 315 948 sententium,
324 889 420 952 quam
429 891 519 934 reum
529 877 564 934 ut
578 891 680 951 poenae
696 873 868 954 subjacent.
877 877 971 952 Reus,
978 876 1051 940 licet

111 965 253 1042 admisso
266 965 406 1042 erimine,
419 971 581 1027 remaneat
594 985 697 1044 poenae
717 967 870 1029 obnoxius
885 986 1049 1049 quousque

110 1063 221 1120 tamen
228 1057 327 1138 judex
341 1077 413 1118 eum
428 1077 523 1137 poena
532 1059 673 1136 mulctet,
687 1077 783 1138 poena
793 1078 856 1122 nou
869 1065 1004 1124 tenetur.

262 1209 323 1261 siv.
340 1219 371 1250 nn
388 1219 518 1251 acuatu!
537 1219 767 1252 musciacum
783 1219 908 1254 sumanus.

153 1336 207 1394 xl.
231 1335 311 1394 Gum
337 1337 476 1411 systema
500 1351 667 1412 paenarum
694 1333 992 1412 ecclesiasticarum,
1013 1339 1048 1397 ut

111 1426 361 1506 praemonuimus
384 1427 424 1486 ab
449 1427 553 1504 initio,
570 1445 634 1488 non
657 1431 780 1488 tuntum
808 1427 962 1488 directum
986 1427 1044 1506 sit,

112 1519 195 1581 sicut
219 1519 251 1579 in
282 1519 424 1580 civilibus
446 1519 570 1596 eccidit,
586 1520 627 1580 ad
651 1519 784 1582 salutem
803 1521 972 1599 publicam,
990 1521 1063 1597 sed,

113 1613 209 1675 etiam
238 1613 278 1673 ad
305 1613 438 1673 sulutem
462 1613 560 1692 ipsius
588 1613 814 1692 delinquentis,
840 1613 913 1674 inde
932 1613 1047 1676 occidit

112 1707 198 1786 quod
222 1705 339 1785 gradus
355 1723 521 1784 poenarum
536 1724 599 1767 non
614 1709 737 1768 tuntum
757 1705 945 1767 demetiatur
954 1705 1046 1786 juxte

111 1799 252 1864 crimnis
265 1799 473 1877 atrocitatem,
485 1802 638 1880 quantum
644 1798 736 1880 juxte
749 1799 853 1861 varies
864 1799 1044 1862 affectiones

110 1893 212 1974 ipsius
222 1891 442 1972 delinquentis.
998 1965 1002 1972 ἱ

153 1989 222 2059 Quo
237 1985 349 2064 posito,
366 1987 402 2047 fit
436 1988 450 2046 t
471 1984 629 2046 ordinarie
641 1984 799 2064 loquendo
822 1983 963 2046 Ecclesia
981 2001 1043 2046 non

111 2079 221 2142 veniet
234 2079 275 2141 ad
293 2096 404 2156 paenas
416 2078 578 2158 giuvioaes
604 2077 630 2136 si
654 2095 711 2155 per
725 2076 865 2138 mitiores
879 2075 978 2154 possit
999 2075 1047 2135 in·

110 2176 235 2235 tentum
262 2190 374 2249 suum,
410 2189 524 2249 nempe
555 2169 809 2232 emendationem
837 2166 1047 2246 delinquentis

111 2265 273 2340 obtinere3
299 2283 361 2327 non
380 2265 477 2342 venit,
494 2284 524 2325 v.
548 2283 594 2343 3.,
611 2262 653 2324 od
675 2279 825 2324 censuras
846 2258 1043 2338 infligendos,

110 2359 135 2422 si
148 2359 250 2438 possit
260 2377 317 2438 per
327 2357 527 2439 poenitentias
547 2355 799 2418 emendationem
817 2353 863 2415 rei
890 2351 1042 2430 obtinere,

110 2472 170 2516 uec
194 2452 235 2512 ed
262 2471 388 2532 poenas,
412 2451 437 2512 si
459 2449 557 2530 possit
579 2449 718 2511 censuris
743 2448 789 2509 rei
815 2445 1045 2509 contumaciam

109 2565 274 2620 coercere3
300 2546 442 2608 similiter
465 2563 529 2606 non
552 2545 655 2606 aufert
677 2542 783 2604 stetim
793 2541 867 2622 jura
889 2539 1045 2618 generetis

110 2641 341 2702 communionis
373 2639 573 2715 christianae,
603 2638 630 2698 si
662 2635 778 2698 habeat
802 2634 876 2714 jure
900 2631 1044 2710 specialis

109 2733 340 2794 communionis
373 2731 525 2794 clericalis
558 2749 628 2811 quae
658 2727 881 2790 antecedenter
921 2723 1044 2786 auterre

109 2825 220 2904 possit:
239 2827 308 2886 Non
331 2825 444 2886 minuit
466 2825 540 2905 jure
555 2823 657 2903 quoad
682 2841 726 2898 se,
739 2821 765 2881 si
786 2819 884 2899 possit
902 2837 959 2898 per
972 2817 1044 2879 sim·

109 2919 227 2997 plicem
243 2919 482 2996 suspensionem
498 2917 636 2978 exercitii
652 2933 772 2990 eorum,
787 2915 932 2975 effectum
952 2929 1044 2974 suum

108 3012 266 3088 obtinere,
279 3029 339 3072 nec
353 3012 459 3072 omnia
472 3011 578 3072 statim
592 3009 756 3089 suspendit
765 3007 849 3088 jura,
866 3007 893 3067 si
903 3005 1043 3085 parcens

109 3105 260 3186 quaedem
284 3103 463 3167 imminutio.
492 3103 630 3166 exercitii
653 3101 836 3164 eorumdem
859 3099 979 3180 jurium
999 3097 1043 3158 vi·

109 3199 225 3261 deutur
236 3199 391 3260 sufficere.

148 3295 211 3354 iste
225 3295 273 3353 est
284 3309 449 3370 processus
473 3291 650 3352 ordinarius
671 3308 732 3370 quo
747 3287 920 3352 Ecclesiae
942 3281 1042 3352 mitio·

107 3385 196 3447 nibus
212 3385 254 3446 ad
273 3385 474 3464 gravissimas
499 3403 610 3464 poenas
631 3383 773 3446 escendit
789 3401 796 3442 :
812 3381 864 3462 qui
878 3391 1043 3479 processus
1087 3443 1092 3456 ,

105 3483 215 3542 tamen
231 3496 294 3540 nou
309 3478 441 3558 impedit
453 3477 619 3558 quominus
632 3477 813 3556 aliquando,
825 3474 1044 3551 praetermissis

106 3572 287 3635 mitioribus
302 3589 469 3650 poenarum
480 3569 641 3650 gradibus,
650 3565 1042 3640 adatrooisaimssproenes
