<?xml version="1.0" encoding="UTF-8"?>
<!DOCTYPE html PUBLIC "-//W3C//DTD XHTML 1.0 Transitional//EN"
    "http://www.w3.org/TR/xhtml1/DTD/xhtml1-transitional.dtd">
<html xmlns="http://www.w3.org/1999/xhtml" xml:lang="en" lang="en">
 <head>
  <title>
</title>
<meta http-equiv="Content-Type" content="text/html;charset=utf-8" />
  <meta name='ocr-system' content='tesseract 3.04.00' />
  <meta name='ocr-capabilities' content='ocr_page ocr_carea ocr_par ocr_line ocrx_word'/>
</head>
<body>
  <div class='ocr_page' id='page_1' title='image "./institutionesju03marigoog_0212.png"; bbox 0 0 2542 4122; ppageno 0'>
   <div class='ocr_carea' id='block_1_1' title="bbox 203 336 922 398">
    <p class='ocr_par' dir='ltr' id='par_1_1' title="bbox 203 336 922 398">
     <span class='ocr_line' id='line_1_1' title="bbox 203 336 922 398; baseline -0.003 -1"><span class='ocrx_word' id='word_1_1' title='bbox 203 336 262 398; x_wconf 65' lang='lat' dir='ltr'>tol</span> <span class='ocrx_word' id='word_1_2' title='bbox 414 347 642 395; x_wconf 82' lang='lat' dir='ltr'>rusrrrorronns</span> <span class='ocrx_word' id='word_1_3' title='bbox 663 349 745 394; x_wconf 79' lang='lat' dir='ltr'>rums</span> <span class='ocrx_word' id='word_1_4' title='bbox 768 347 922 395; x_wconf 77' lang='lat' dir='ltr'>annorum.</span> 
     </span>
    </p>
   </div>
   <div class='ocr_carea' id='block_1_2' title="bbox 200 492 1153 3642">
    <p class='ocr_par' dir='ltr' id='par_1_2' title="bbox 200 492 1148 1130">
     <span class='ocr_line' id='line_1_2' title="bbox 204 492 1146 574; baseline -0.002 -20"><span class='ocrx_word' id='word_1_5' title='bbox 204 493 256 574; x_wconf 89' lang='lat' dir='ltr'>qui</span> <span class='ocrx_word' id='word_1_6' title='bbox 285 497 392 554; x_wconf 89' lang='lat' dir='ltr'>tamen</span> <span class='ocrx_word' id='word_1_7' title='bbox 420 493 510 572; x_wconf 90' lang='lat' dir='ltr'>lapsu</span> <span class='ocrx_word' id='word_1_8' title='bbox 543 493 693 571; x_wconf 90' lang='lat' dir='ltr'>temporis</span> <span class='ocrx_word' id='word_1_9' title='bbox 724 493 754 552; x_wconf 94' lang='lat' dir='ltr'>in</span> <span class='ocrx_word' id='word_1_10' title='bbox 790 511 897 552; x_wconf 87' lang='lat' dir='ltr'>veram</span> <span class='ocrx_word' id='word_1_11' title='bbox 922 496 954 553; x_wconf 91' lang='lat' dir='ltr'>et</span> <span class='ocrx_word' id='word_1_12' title='bbox 978 492 1146 571; x_wconf 77' lang='lat' dir='ltr'>propriam</span> 
     </span>
     <span class='ocr_line' id='line_1_3' title="bbox 200 585 1147 668; baseline -0.001 -21"><span class='ocrx_word' id='word_1_13' title='bbox 200 586 451 668; x_wconf 85' lang='lat' dir='ltr'>jurisdictionem</span> <span class='ocrx_word' id='word_1_14' title='bbox 484 605 652 647; x_wconf 90' lang='lat' dir='ltr'>conversus</span> <span class='ocrx_word' id='word_1_15' title='bbox 674 590 738 659; x_wconf 90' lang='lat' dir='ltr'>ost;</span> <span class='ocrx_word' id='word_1_16' title='bbox 764 587 864 646; x_wconf 89' lang='lat' dir='ltr'>donec</span> <span class='ocrx_word' id='word_1_17' title='bbox 889 604 945 663; x_wconf 92' lang='lat' dir='ltr'>per</span> <span class='ocrx_word' id='word_1_18' title='bbox 972 585 1147 646; x_wconf 84' lang='lat' dir='ltr'>concilium</span> 
     </span>
     <span class='ocr_line' id='line_1_4' title="bbox 204 678 1145 758; baseline -0.001 -18"><span class='ocrx_word' id='word_1_19' title='bbox 204 680 458 741; x_wconf 73' lang='lat' dir='ltr'>chalcedonense</span> <span class='ocrx_word' id='word_1_20' title='bbox 476 680 696 740; x_wconf 88' lang='lat' dir='ltr'>controversiae</span> <span class='ocrx_word' id='word_1_21' title='bbox 713 697 782 758; x_wconf 77' lang='lat' dir='ltr'>quae</span> <span class='ocrx_word' id='word_1_22' title='bbox 802 678 874 738; x_wconf 94' lang='lat' dir='ltr'>inde</span> <span class='ocrx_word' id='word_1_23' title='bbox 900 683 982 738; x_wconf 78' lang='lat' dir='ltr'>natae</span> <span class='ocrx_word' id='word_1_24' title='bbox 1004 678 1145 756; x_wconf 77' lang='lat' dir='ltr'>fuerant,</span> 
     </span>
     <span class='ocr_line' id='line_1_5' title="bbox 204 771 1148 850; baseline -0.004 -16"><span class='ocrx_word' id='word_1_25' title='bbox 204 775 477 850; x_wconf 80' lang='lat' dir='ltr'>componerentur,</span> <span class='ocrx_word' id='word_1_26' title='bbox 493 773 652 850; x_wconf 87' lang='lat' dir='ltr'>assignata</span> <span class='ocrx_word' id='word_1_27' title='bbox 662 790 775 850; x_wconf 83' lang='lat' dir='ltr'>nempe</span> <span class='ocrx_word' id='word_1_28' title='bbox 788 789 846 830; x_wconf 87' lang='lat' dir='ltr'>sua</span> <span class='ocrx_word' id='word_1_29' title='bbox 855 771 922 830; x_wconf 89' lang='lat' dir='ltr'>sedi</span> <span class='ocrx_word' id='word_1_30' title='bbox 935 772 1064 832; x_wconf 88' lang='lat' dir='ltr'>AEliensi</span> <span class='ocrx_word' id='word_1_31' title='bbox 1079 776 1148 832; x_wconf 85' lang='lat' dir='ltr'>ter—</span> 
     </span>
     <span class='ocr_line' id='line_1_6' title="bbox 204 865 1148 944; baseline -0.002 -18"><span class='ocrx_word' id='word_1_32' title='bbox 204 865 334 928; x_wconf 90' lang='lat' dir='ltr'>ritoriali</span> <span class='ocrx_word' id='word_1_33' title='bbox 346 865 575 944; x_wconf 84' lang='lat' dir='ltr'>jurisdictione,</span> <span class='ocrx_word' id='word_1_34' title='bbox 594 884 656 944; x_wconf 90' lang='lat' dir='ltr'>qua</span> <span class='ocrx_word' id='word_1_35' title='bbox 674 869 852 925; x_wconf 76' lang='lat' dir='ltr'>remaneret</span> <span class='ocrx_word' id='word_1_36' title='bbox 871 865 988 942; x_wconf 89' lang='lat' dir='ltr'>etipse</span> <span class='ocrx_word' id='word_1_37' title='bbox 1008 865 1148 942; x_wconf 87' lang='lat' dir='ltr'>patriar-</span> 
     </span>
     <span class='ocr_line' id='line_1_7' title="bbox 206 958 1148 1036; baseline -0.001 -17"><span class='ocrx_word' id='word_1_38' title='bbox 206 961 316 1020; x_wconf 90' lang='lat' dir='ltr'>chatus</span> <span class='ocrx_word' id='word_1_39' title='bbox 342 958 555 1018; x_wconf 70' lang='lat' dir='ltr'>antiochenus</span> <span class='ocrx_word' id='word_1_40' title='bbox 584 958 782 1034; x_wconf 80' lang='lat' dir='ltr'>imminutus,</span> <span class='ocrx_word' id='word_1_41' title='bbox 810 958 1060 1036; x_wconf 88' lang='lat' dir='ltr'>confirmatoque</span> <span class='ocrx_word' id='word_1_42' title='bbox 1089 978 1148 1035; x_wconf 83' lang='lat' dir='ltr'>pa·</span> 
     </span>
     <span class='ocr_line' id='line_1_8' title="bbox 204 1050 1088 1130; baseline -0.002 -17"><span class='ocrx_word' id='word_1_43' title='bbox 204 1051 364 1114; x_wconf 87' lang='lat' dir='ltr'>triarchali</span> <span class='ocrx_word' id='word_1_44' title='bbox 378 1051 463 1128; x_wconf 89' lang='lat' dir='ltr'>quod</span> <span class='ocrx_word' id='word_1_45' title='bbox 481 1051 538 1110; x_wconf 92' lang='lat' dir='ltr'>sibi</span> <span class='ocrx_word' id='word_1_46' title='bbox 555 1051 623 1130; x_wconf 87' lang='lat' dir='ltr'>jam</span> <span class='ocrx_word' id='word_1_47' title='bbox 637 1050 775 1110; x_wconf 88' lang='lat' dir='ltr'>tribuere</span> <span class='ocrx_word' id='word_1_48' title='bbox 789 1054 929 1128; x_wconf 76' lang='lat' dir='ltr'>coeperat</span> <span class='ocrx_word' id='word_1_49' title='bbox 950 1051 1088 1111; x_wconf 90' lang='lat' dir='ltr'>nomine.</span> 
     </span>
    </p>

    <p class='ocr_par' dir='ltr' id='par_1_3' title="bbox 202 1143 1149 1873">
     <span class='ocr_line' id='line_1_9' title="bbox 246 1143 1145 1221; baseline -0.002 -17"><span class='ocrx_word' id='word_1_50' title='bbox 246 1143 355 1216; x_wconf 83' lang='lat' dir='ltr'>Quoad</span> <span class='ocrx_word' id='word_1_51' title='bbox 365 1144 535 1203; x_wconf 88' lang='lat' dir='ltr'>secundam</span> <span class='ocrx_word' id='word_1_52' title='bbox 554 1164 560 1203; x_wconf 89' lang='lat'>:</span> <span class='ocrx_word' id='word_1_53' title='bbox 575 1143 727 1204; x_wconf 86' lang='lat' dir='ltr'>translata</span> <span class='ocrx_word' id='word_1_54' title='bbox 737 1143 925 1220; x_wconf 80' lang='lat' dir='ltr'>Byzantium</span> <span class='ocrx_word' id='word_1_55' title='bbox 937 1143 1145 1221; x_wconf 85' lang='lat' dir='ltr'>imperatoria</span> 
     </span>
     <span class='ocr_line' id='line_1_10' title="bbox 205 1235 1146 1314; baseline -0.002 -16"><span class='ocrx_word' id='word_1_56' title='bbox 205 1238 291 1313; x_wconf 89' lang='lat' dir='ltr'>sede,</span> <span class='ocrx_word' id='word_1_57' title='bbox 315 1254 388 1296; x_wconf 89' lang='lat' dir='ltr'>mox</span> <span class='ocrx_word' id='word_1_58' title='bbox 406 1241 570 1314; x_wconf 81' lang='lat' dir='ltr'>coeperunt</span> <span class='ocrx_word' id='word_1_59' title='bbox 591 1237 683 1296; x_wconf 66' lang='lat' dir='ltr'>dictae</span> <span class='ocrx_word' id='word_1_60' title='bbox 701 1235 835 1296; x_wconf 87' lang='lat' dir='ltr'>civitatis</span> <span class='ocrx_word' id='word_1_61' title='bbox 854 1235 1010 1314; x_wconf 82' lang='lat' dir='ltr'>episcopi,</span> <span class='ocrx_word' id='word_1_62' title='bbox 1028 1256 1067 1297; x_wconf 90' lang='lat' dir='ltr'>ea</span> <span class='ocrx_word' id='word_1_63' title='bbox 1084 1238 1146 1296; x_wconf 91' lang='lat' dir='ltr'>sibi</span> 
     </span>
     <span class='ocr_line' id='line_1_11' title="bbox 202 1329 1149 1410; baseline -0.001 -20"><span class='ocrx_word' id='word_1_64' title='bbox 202 1331 275 1410; x_wconf 83' lang='lat' dir='ltr'>jura</span> <span class='ocrx_word' id='word_1_65' title='bbox 287 1329 447 1391; x_wconf 90' lang='lat' dir='ltr'>vindicare</span> <span class='ocrx_word' id='word_1_66' title='bbox 463 1347 532 1408; x_wconf 86' lang='lat' dir='ltr'>quae</span> <span class='ocrx_word' id='word_1_67' title='bbox 548 1348 566 1388; x_wconf 91' lang='lat' dir='ltr'>a</span> <span class='ocrx_word' id='word_1_68' title='bbox 578 1332 717 1390; x_wconf 85' lang='lat' dir='ltr'>Romano</span> <span class='ocrx_word' id='word_1_69' title='bbox 729 1329 879 1390; x_wconf 85' lang='lat' dir='ltr'>Pontifice</span> <span class='ocrx_word' id='word_1_70' title='bbox 896 1348 1043 1390; x_wconf 85' lang='lat' dir='ltr'>exercere</span> <span class='ocrx_word' id='word_1_71' title='bbox 1056 1330 1149 1390; x_wconf 83' lang='lat' dir='ltr'>vido-</span> 
     </span>
     <span class='ocr_line' id='line_1_12' title="bbox 205 1412 1148 1503; baseline -0.002 -19"><span class='ocrx_word' id='word_1_72' title='bbox 205 1424 283 1484; x_wconf 88' lang='lat' dir='ltr'>bant</span> <span class='ocrx_word' id='word_1_73' title='bbox 301 1422 421 1501; x_wconf 89' lang='lat' dir='ltr'>(contra</span> <span class='ocrx_word' id='word_1_74' title='bbox 447 1427 569 1482; x_wconf 89' lang='lat' dir='ltr'>sextum</span> <span class='ocrx_word' id='word_1_75' title='bbox 589 1421 710 1482; x_wconf 91' lang='lat' dir='ltr'>concilii</span> <span class='ocrx_word' id='word_1_76' title='bbox 731 1412 848 1482; x_wconf 81' lang='lat' dir='ltr'>Nieaeni</span> <span class='ocrx_word' id='word_1_77' title='bbox 869 1441 1034 1499; x_wconf 86' lang='lat' dir='ltr'>canonem,</span> <span class='ocrx_word' id='word_1_78' title='bbox 1053 1423 1148 1503; x_wconf 82' lang='lat' dir='ltr'>juxta</span> 
     </span>
     <span class='ocr_line' id='line_1_13' title="bbox 207 1515 1149 1596; baseline -0.002 -20"><span class='ocrx_word' id='word_1_79' title='bbox 207 1534 300 1596; x_wconf 89' lang='lat' dir='ltr'>quem</span> <span class='ocrx_word' id='word_1_80' title='bbox 317 1515 434 1591; x_wconf 84' lang='lat' dir='ltr'>solum,</span> <span class='ocrx_word' id='word_1_81' title='bbox 452 1519 566 1592; x_wconf 76' lang='lat' dir='ltr'>prater</span> <span class='ocrx_word' id='word_1_82' title='bbox 586 1518 763 1575; x_wconf 86' lang='lat' dir='ltr'>Romanum</span> <span class='ocrx_word' id='word_1_83' title='bbox 785 1515 984 1592; x_wconf 85' lang='lat' dir='ltr'>Pontificem,</span> <span class='ocrx_word' id='word_1_84' title='bbox 1010 1516 1149 1577; x_wconf 85' lang='lat' dir='ltr'>Alexan-</span> 
     </span>
     <span class='ocr_line' id='line_1_14' title="bbox 207 1607 1149 1686; baseline 0 -17"><span class='ocrx_word' id='word_1_85' title='bbox 207 1609 283 1670; x_wconf 86' lang='lat' dir='ltr'>driae</span> <span class='ocrx_word' id='word_1_86' title='bbox 301 1613 332 1670; x_wconf 91' lang='lat' dir='ltr'>et</span> <span class='ocrx_word' id='word_1_87' title='bbox 344 1607 519 1670; x_wconf 77' lang='lat' dir='ltr'>Antiochia</span> <span class='ocrx_word' id='word_1_88' title='bbox 532 1607 669 1686; x_wconf 83' lang='lat' dir='ltr'>episcopi</span> <span class='ocrx_word' id='word_1_89' title='bbox 685 1612 836 1686; x_wconf 78' lang='lat' dir='ltr'>tanquam</span> <span class='ocrx_word' id='word_1_90' title='bbox 850 1609 1040 1686; x_wconf 74' lang='lat' dir='ltr'>patriarcha</span> <span class='ocrx_word' id='word_1_91' title='bbox 1049 1607 1149 1669; x_wconf 88' lang='lat' dir='ltr'>habe-</span> 
     </span>
     <span class='ocr_line' id='line_1_15' title="bbox 206 1701 1146 1780; baseline -0.001 -18"><span class='ocrx_word' id='word_1_92' title='bbox 206 1703 348 1780; x_wconf 88' lang='lat' dir='ltr'>bantur),</span> <span class='ocrx_word' id='word_1_93' title='bbox 375 1701 463 1780; x_wconf 91' lang='lat' dir='ltr'>quasi</span> <span class='ocrx_word' id='word_1_94' title='bbox 497 1701 674 1780; x_wconf 88' lang='lat' dir='ltr'>jurisdictio</span> <span class='ocrx_word' id='word_1_95' title='bbox 700 1702 913 1762; x_wconf 88' lang='lat' dir='ltr'>ecclesiastica</span> <span class='ocrx_word' id='word_1_96' title='bbox 947 1701 1146 1780; x_wconf 88' lang='lat' dir='ltr'>imperatorii</span> 
     </span>
     <span class='ocr_line' id='line_1_16' title="bbox 208 1792 837 1873; baseline 0.003 -19"><span class='ocrx_word' id='word_1_97' title='bbox 208 1794 307 1855; x_wconf 86' lang='lat' dir='ltr'>civilis</span> <span class='ocrx_word' id='word_1_98' title='bbox 321 1792 553 1854; x_wconf 82' lang='lat' dir='ltr'>vicissitudines</span> <span class='ocrx_word' id='word_1_99' title='bbox 565 1795 654 1873; x_wconf 87' lang='lat' dir='ltr'>sequi</span> <span class='ocrx_word' id='word_1_100' title='bbox 669 1795 837 1856; x_wconf 84' lang='lat' dir='ltr'>debuisset.</span> 
     </span>
    </p>

    <p class='ocr_par' dir='ltr' id='par_1_4' title="bbox 209 1885 1151 2614">
     <span class='ocr_line' id='line_1_17' title="bbox 247 1885 1147 1968; baseline 0 -20"><span class='ocrx_word' id='word_1_101' title='bbox 247 1888 319 1948; x_wconf 91' lang='lat' dir='ltr'>Mox</span> <span class='ocrx_word' id='word_1_102' title='bbox 342 1885 611 1964; x_wconf 78' lang='lat' dir='ltr'>patrocinantibus</span> <span class='ocrx_word' id='word_1_103' title='bbox 636 1887 878 1966; x_wconf 81' lang='lat' dir='ltr'>imperatoribus</span> <span class='ocrx_word' id='word_1_104' title='bbox 899 1888 1147 1968; x_wconf 80' lang='lat' dir='ltr'>faventibusque</span> 
     </span>
     <span class='ocr_line' id='line_1_18' title="bbox 210 1979 1148 2060; baseline 0.001 -19"><span class='ocrx_word' id='word_1_105' title='bbox 210 1979 383 2041; x_wconf 91' lang='lat' dir='ltr'>canonibus</span> <span class='ocrx_word' id='word_1_106' title='bbox 398 1979 601 2040; x_wconf 89' lang='lat' dir='ltr'>conciliorum</span> <span class='ocrx_word' id='word_1_107' title='bbox 619 1981 951 2060; x_wconf 81' lang='lat' dir='ltr'>Constantinopolitani</span> <span class='ocrx_word' id='word_1_108' title='bbox 968 1985 999 2042; x_wconf 93' lang='lat' dir='ltr'>et</span> <span class='ocrx_word' id='word_1_109' title='bbox 1014 1981 1148 2042; x_wconf 85' lang='lat' dir='ltr'>Chalce-</span> 
     </span>
     <span class='ocr_line' id='line_1_19' title="bbox 209 2071 1149 2154; baseline -0.001 -19"><span class='ocrx_word' id='word_1_110' title='bbox 209 2071 367 2150; x_wconf 91' lang='lat' dir='ltr'>donensis,</span> <span class='ocrx_word' id='word_1_111' title='bbox 384 2091 442 2132; x_wconf 89' lang='lat' dir='ltr'>nec</span> <span class='ocrx_word' id='word_1_112' title='bbox 457 2091 519 2133; x_wconf 90' lang='lat' dir='ltr'>non</span> <span class='ocrx_word' id='word_1_113' title='bbox 533 2073 657 2135; x_wconf 89' lang='lat' dir='ltr'>invecta</span> <span class='ocrx_word' id='word_1_114' title='bbox 671 2074 911 2152; x_wconf 87' lang='lat' dir='ltr'>consuetudine,</span> <span class='ocrx_word' id='word_1_115' title='bbox 923 2074 998 2154; x_wconf 85' lang='lat' dir='ltr'>jura</span> <span class='ocrx_word' id='word_1_116' title='bbox 1009 2074 1149 2154; x_wconf 86' lang='lat' dir='ltr'>patriar—</span> 
     </span>
     <span class='ocr_line' id='line_1_20' title="bbox 209 2166 1149 2239; baseline 0 -11"><span class='ocrx_word' id='word_1_117' title='bbox 209 2168 311 2228; x_wconf 89' lang='lat' dir='ltr'>chalia</span> <span class='ocrx_word' id='word_1_118' title='bbox 341 2185 485 2228; x_wconf 83' lang='lat' dir='ltr'>exercere</span> <span class='ocrx_word' id='word_1_119' title='bbox 512 2185 574 2227; x_wconf 88' lang='lat' dir='ltr'>uon</span> <span class='ocrx_word' id='word_1_120' title='bbox 603 2166 796 2228; x_wconf 90' lang='lat' dir='ltr'>destiterunt.</span> <span class='ocrx_word' id='word_1_121' title='bbox 825 2167 914 2239; x_wconf 85' lang='lat' dir='ltr'>Quod</span> <span class='ocrx_word' id='word_1_122' title='bbox 944 2168 1076 2228; x_wconf 92' lang='lat' dir='ltr'>tandem</span> <span class='ocrx_word' id='word_1_123' title='bbox 1104 2169 1149 2228; x_wconf 87' lang='lat' dir='ltr'>ab</span> 
     </span>
     <span class='ocr_line' id='line_1_21' title="bbox 209 2259 1148 2336; baseline 0.001 -17"><span class='ocrx_word' id='word_1_124' title='bbox 209 2261 389 2322; x_wconf 87' lang='lat' dir='ltr'>Innocentio</span> <span class='ocrx_word' id='word_1_125' title='bbox 408 2262 459 2336; x_wconf 95' lang='lat' dir='ltr'>lll,</span> <span class='ocrx_word' id='word_1_126' title='bbox 476 2260 508 2319; x_wconf 93' lang='lat' dir='ltr'>in</span> <span class='ocrx_word' id='word_1_127' title='bbox 523 2259 654 2320; x_wconf 88' lang='lat' dir='ltr'>concilio</span> <span class='ocrx_word' id='word_1_128' title='bbox 676 2261 878 2320; x_wconf 88' lang='lat' dir='ltr'>Lateranensi</span> <span class='ocrx_word' id='word_1_129' title='bbox 895 2262 935 2323; x_wconf 88' lang='lat' dir='ltr'>IV</span> <span class='ocrx_word' id='word_1_130' title='bbox 952 2261 1148 2322; x_wconf 87' lang='lat' dir='ltr'>ratificatum</span> 
     </span>
     <span class='ocr_line' id='line_1_22' title="bbox 210 2352 1150 2430; baseline 0.002 -18"><span class='ocrx_word' id='word_1_131' title='bbox 210 2357 266 2428; x_wconf 92' lang='lat' dir='ltr'>est,</span> <span class='ocrx_word' id='word_1_132' title='bbox 283 2354 338 2412; x_wconf 92' lang='lat' dir='ltr'>tali</span> <span class='ocrx_word' id='word_1_133' title='bbox 353 2354 434 2413; x_wconf 90' lang='lat' dir='ltr'>inter</span> <span class='ocrx_word' id='word_1_134' title='bbox 448 2352 678 2430; x_wconf 85' lang='lat' dir='ltr'>patriarchatus</span> <span class='ocrx_word' id='word_1_135' title='bbox 690 2352 897 2414; x_wconf 87' lang='lat' dir='ltr'>determinato</span> <span class='ocrx_word' id='word_1_136' title='bbox 918 2354 1029 2414; x_wconf 89' lang='lat' dir='ltr'>ordine</span> <span class='ocrx_word' id='word_1_137' title='bbox 1046 2375 1054 2414; x_wconf 90' lang='lat'>:</span> <span class='ocrx_word' id='word_1_138' title='bbox 1082 2357 1150 2414; x_wconf 85' lang='lat' dir='ltr'>llo-</span> 
     </span>
     <span class='ocr_line' id='line_1_23' title="bbox 210 2445 1151 2524; baseline 0.006 -22"><span class='ocrx_word' id='word_1_139' title='bbox 210 2461 334 2518; x_wconf 84' lang='lat' dir='ltr'>manus,</span> <span class='ocrx_word' id='word_1_140' title='bbox 365 2445 736 2523; x_wconf 84' lang='lat' dir='ltr'>Constantinopolitanus,</span> <span class='ocrx_word' id='word_1_141' title='bbox 766 2446 1011 2524; x_wconf 88' lang='lat' dir='ltr'>Alexandrinus,</span> <span class='ocrx_word' id='word_1_142' title='bbox 1034 2447 1151 2508; x_wconf 89' lang='lat' dir='ltr'>Antio-</span> 
     </span>
     <span class='ocr_line' id='line_1_24' title="bbox 210 2535 668 2614; baseline 0.007 -18"><span class='ocrx_word' id='word_1_143' title='bbox 210 2535 340 2612; x_wconf 88' lang='lat' dir='ltr'>chenus,</span> <span class='ocrx_word' id='word_1_144' title='bbox 357 2535 668 2614; x_wconf 87' lang='lat' dir='ltr'>Hierosolymitanus.</span> 
     </span>
    </p>

    <p class='ocr_par' dir='ltr' id='par_1_5' title="bbox 208 2629 1153 3271">
     <span class='ocr_line' id='line_1_25' title="bbox 250 2629 1151 2712; baseline 0.004 -21"><span class='ocrx_word' id='word_1_145' title='bbox 250 2630 287 2691; x_wconf 91' lang='lat' dir='ltr'>Hi</span> <span class='ocrx_word' id='word_1_146' title='bbox 307 2629 446 2710; x_wconf 86' lang='lat' dir='ltr'>quinque</span> <span class='ocrx_word' id='word_1_147' title='bbox 467 2629 697 2708; x_wconf 86' lang='lat' dir='ltr'>patriarchatus</span> <span class='ocrx_word' id='word_1_148' title='bbox 721 2633 794 2693; x_wconf 90' lang='lat' dir='ltr'>dicti</span> <span class='ocrx_word' id='word_1_149' title='bbox 818 2637 890 2693; x_wconf 86' lang='lat' dir='ltr'>suut</span> <span class='ocrx_word' id='word_1_150' title='bbox 903 2632 1040 2712; x_wconf 83' lang='lat' dir='ltr'>majores.</span> <span class='ocrx_word' id='word_1_151' title='bbox 1058 2636 1151 2695; x_wconf 78' lang='lat' dir='ltr'>Post</span> 
     </span>
     <span class='ocr_line' id='line_1_26' title="bbox 211 2723 1148 2803; baseline 0.005 -20"><span class='ocrx_word' id='word_1_152' title='bbox 211 2741 306 2802; x_wconf 84' lang='lat' dir='ltr'>quam</span> <span class='ocrx_word' id='word_1_153' title='bbox 318 2729 424 2784; x_wconf 87' lang='lat' dir='ltr'>autem</span> <span class='ocrx_word' id='word_1_154' title='bbox 439 2723 562 2785; x_wconf 90' lang='lat' dir='ltr'>illorum</span> <span class='ocrx_word' id='word_1_155' title='bbox 576 2723 727 2786; x_wconf 85' lang='lat' dir='ltr'>dioeceses</span> <span class='ocrx_word' id='word_1_156' title='bbox 738 2727 828 2786; x_wconf 81' lang='lat' dir='ltr'>factae</span> <span class='ocrx_word' id='word_1_157' title='bbox 839 2729 912 2786; x_wconf 87' lang='lat' dir='ltr'>sunt</span> <span class='ocrx_word' id='word_1_158' title='bbox 923 2725 1148 2803; x_wconf 85' lang='lat' dir='ltr'>schismaticae,</span> 
     </span>
     <span class='ocr_line' id='line_1_27' title="bbox 210 2815 1152 2896; baseline 0.006 -23"><span class='ocrx_word' id='word_1_159' title='bbox 210 2815 314 2892; x_wconf 85' lang='lat' dir='ltr'>potius</span> <span class='ocrx_word' id='word_1_160' title='bbox 328 2817 454 2876; x_wconf 88' lang='lat' dir='ltr'>uomina</span> <span class='ocrx_word' id='word_1_161' title='bbox 474 2835 569 2896; x_wconf 84' lang='lat' dir='ltr'>quam</span> <span class='ocrx_word' id='word_1_162' title='bbox 579 2835 613 2876; x_wconf 91' lang='lat' dir='ltr'>re</span> <span class='ocrx_word' id='word_1_163' title='bbox 628 2822 840 2895; x_wconf 89' lang='lat' dir='ltr'>perseverant,</span> <span class='ocrx_word' id='word_1_164' title='bbox 856 2817 1012 2896; x_wconf 90' lang='lat' dir='ltr'>siquidem</span> <span class='ocrx_word' id='word_1_165' title='bbox 1025 2838 1064 2879; x_wconf 93' lang='lat' dir='ltr'>ne</span> <span class='ocrx_word' id='word_1_166' title='bbox 1079 2837 1152 2879; x_wconf 89' lang='lat' dir='ltr'>me-</span> 
     </span>
     <span class='ocr_line' id='line_1_28' title="bbox 211 2908 1152 2987; baseline 0.006 -21"><span class='ocrx_word' id='word_1_167' title='bbox 211 2909 312 2968; x_wconf 88' lang='lat' dir='ltr'>moria</span> <span class='ocrx_word' id='word_1_168' title='bbox 323 2908 465 2970; x_wconf 90' lang='lat' dir='ltr'>interiret</span> <span class='ocrx_word' id='word_1_169' title='bbox 479 2909 591 2970; x_wconf 88' lang='lat' dir='ltr'>harum</span> <span class='ocrx_word' id='word_1_170' title='bbox 603 2910 724 2970; x_wconf 91' lang='lat' dir='ltr'>sedium</span> <span class='ocrx_word' id='word_1_171' title='bbox 733 2911 909 2987; x_wconf 86' lang='lat' dir='ltr'>illustrium,</span> <span class='ocrx_word' id='word_1_172' title='bbox 921 2913 1029 2971; x_wconf 83' lang='lat' dir='ltr'>Romae</span> <span class='ocrx_word' id='word_1_173' title='bbox 1037 2930 1152 2972; x_wconf 85' lang='lat' dir='ltr'>crean-</span> 
     </span>
     <span class='ocr_line' id='line_1_29' title="bbox 211 3001 1153 3080; baseline 0.005 -20"><span class='ocrx_word' id='word_1_174' title='bbox 211 3005 263 3061; x_wconf 89' lang='lat' dir='ltr'>tur</span> <span class='ocrx_word' id='word_1_175' title='bbox 277 3001 456 3080; x_wconf 89' lang='lat' dir='ltr'>hujusmodi</span> <span class='ocrx_word' id='word_1_176' title='bbox 471 3003 658 3080; x_wconf 78' lang='lat' dir='ltr'>patriarcha</span> <span class='ocrx_word' id='word_1_177' title='bbox 671 3004 837 3065; x_wconf 84' lang='lat' dir='ltr'>orientales</span> <span class='ocrx_word' id='word_1_178' title='bbox 852 3004 892 3064; x_wconf 90' lang='lat' dir='ltr'>ad</span> <span class='ocrx_word' id='word_1_179' title='bbox 906 3003 1005 3064; x_wconf 84' lang='lat' dir='ltr'>instar</span> <span class='ocrx_word' id='word_1_180' title='bbox 1020 3004 1153 3065; x_wconf 86' lang='lat' dir='ltr'>illorum</span> 
     </span>
     <span class='ocr_line' id='line_1_30' title="bbox 211 3095 1153 3178; baseline 0.003 -22"><span class='ocrx_word' id='word_1_181' title='bbox 211 3095 429 3175; x_wconf 87' lang='lat' dir='ltr'>episcoporum</span> <span class='ocrx_word' id='word_1_182' title='bbox 439 3095 492 3174; x_wconf 88' lang='lat' dir='ltr'>qui</span> <span class='ocrx_word' id='word_1_183' title='bbox 505 3096 652 3158; x_wconf 88' lang='lat' dir='ltr'>dicuntur</span> <span class='ocrx_word' id='word_1_184' title='bbox 664 3097 694 3158; x_wconf 82' lang='lat' dir='ltr'>ia</span> <span class='ocrx_word' id='word_1_185' title='bbox 703 3097 852 3178; x_wconf 81' lang='lat' dir='ltr'>portibus,</span> <span class='ocrx_word' id='word_1_186' title='bbox 863 3114 920 3157; x_wconf 89' lang='lat' dir='ltr'>nee</span> <span class='ocrx_word' id='word_1_187' title='bbox 933 3097 1153 3175; x_wconf 84' lang='lat' dir='ltr'>ullagaudent</span> 
     </span>
     <span class='ocr_line' id='line_1_31' title="bbox 208 3188 436 3271; baseline -0.004 -21"><span class='ocrx_word' id='word_1_188' title='bbox 208 3188 436 3271; x_wconf 85' lang='lat' dir='ltr'>jurisdictione.</span> 
     </span>
    </p>

    <p class='ocr_par' dir='ltr' id='par_1_6' title="bbox 211 3281 1153 3642">
     <span class='ocr_line' id='line_1_32' title="bbox 252 3281 1153 3364; baseline 0 -20"><span class='ocrx_word' id='word_1_189' title='bbox 252 3282 360 3344; x_wconf 85' lang='lat' dir='ltr'>Solum</span> <span class='ocrx_word' id='word_1_190' title='bbox 387 3300 403 3340; x_wconf 93' lang='lat' dir='ltr'>e</span> <span class='ocrx_word' id='word_1_191' title='bbox 430 3281 528 3342; x_wconf 87' lang='lat' dir='ltr'>ruinis</span> <span class='ocrx_word' id='word_1_192' title='bbox 553 3282 678 3344; x_wconf 90' lang='lat' dir='ltr'>illorum</span> <span class='ocrx_word' id='word_1_193' title='bbox 706 3288 847 3345; x_wconf 84' lang='lat' dir='ltr'>veterum</span> <span class='ocrx_word' id='word_1_194' title='bbox 874 3284 1153 3364; x_wconf 85' lang='lat' dir='ltr'>patriarchatuum</span> 
     </span>
     <span class='ocr_line' id='line_1_33' title="bbox 212 3374 1152 3454; baseline 0.002 -19"><span class='ocrx_word' id='word_1_195' title='bbox 212 3374 603 3452; x_wconf 87' lang='lat' dir='ltr'>emerseruntpatriarchae</span> <span class='ocrx_word' id='word_1_196' title='bbox 614 3395 671 3454; x_wconf 90' lang='lat' dir='ltr'>pro</span> <span class='ocrx_word' id='word_1_197' title='bbox 685 3377 815 3438; x_wconf 88' lang='lat' dir='ltr'>diversis</span> <span class='ocrx_word' id='word_1_198' title='bbox 827 3377 986 3438; x_wconf 87' lang='lat' dir='ltr'>orientalis</span> <span class='ocrx_word' id='word_1_199' title='bbox 996 3375 1152 3438; x_wconf 81' lang='lat' dir='ltr'>Ecclesiae</span> 
     </span>
     <span class='ocr_line' id='line_1_34' title="bbox 211 3467 1152 3549; baseline 0.007 -25"><span class='ocrx_word' id='word_1_200' title='bbox 211 3467 322 3526; x_wconf 82' lang='lat' dir='ltr'>ritibus</span> <span class='ocrx_word' id='word_1_201' title='bbox 333 3468 440 3542; x_wconf 89' lang='lat' dir='ltr'>creati,</span> <span class='ocrx_word' id='word_1_202' title='bbox 448 3469 492 3542; x_wconf 88' lang='lat' dir='ltr'>ut,</span> <span class='ocrx_word' id='word_1_203' title='bbox 503 3485 533 3527; x_wconf 89' lang='lat' dir='ltr'>v.</span> <span class='ocrx_word' id='word_1_204' title='bbox 545 3469 1152 3549; x_wconf 75' lang='lat' dir='ltr'>g,patriarchaConstantinopolitanus</span> 
     </span>
     <span class='ocr_line' id='line_1_35' title="bbox 213 3556 1150 3642; baseline 0.015 -28"><span class='ocrx_word' id='word_1_205' title='bbox 213 3556 442 3632; x_wconf 84' lang='lat' dir='ltr'>Melchitarum,</span> <span class='ocrx_word' id='word_1_206' title='bbox 457 3558 638 3634; x_wconf 86' lang='lat' dir='ltr'>patriarcha</span> <span class='ocrx_word' id='word_1_207' title='bbox 652 3561 864 3625; x_wconf 87' lang='lat' dir='ltr'>Antiochenus</span> <span class='ocrx_word' id='word_1_208' title='bbox 889 3565 1042 3642; x_wconf 89' lang='lat' dir='ltr'>Syrorum</span> <span class='ocrx_word' id='word_1_209' title='bbox 1057 3609 1065 3640; x_wconf 86' lang='lat'>,</span> <span class='ocrx_word' id='word_1_210' title='bbox 1084 3565 1150 3628; x_wconf 77' lang='lat' dir='ltr'>etc.</span> 
     </span>
    </p>
   </div>
   <div class='ocr_carea' id='block_1_3' title="bbox 0 0 1288 4122">
    <p class='ocr_par' dir='ltr' id='par_1_7' title="bbox 0 0 1288 4122">
     <span class='ocr_line' id='line_1_36' title="bbox 0 0 1288 4122; baseline 0 0"><span class='ocrx_word' id='word_1_211' title='bbox 0 0 1288 4122; x_wconf 95' lang='lat' dir='ltr'> </span> 
     </span>
    </p>
   </div>
  </div>
 </body>
</html>
