2502 4130
178 369 236 430 322
396 381 727 434 1nsr1rnrronnsrun1s
749 388 902 436 canonici.

219 531 252 588 1ο
273 525 403 588 Cultura
429 525 642 607 scientiarum,
659 531 836 593 litterarum
859 537 890 595 et
911 533 1041 612 artium,
1066 537 1120 598 cui

178 619 307 701 speciali
334 619 429 681 modo
457 619 686 684 addicebantur
715 626 880 704 monachi,
907 631 1121 706 praeservavit

178 718 303 776 atatem
315 713 401 774 illam
415 731 434 772 a
448 714 537 774 totali
554 715 732 794 ignorantia
747 765 754 794 ,
772 719 804 778 in
820 738 915 798 quam
929 739 1021 781 secus
1036 721 1120 782 inci-

178 809 284 870 disset.
306 805 395 869 Unde
420 805 536 868 debent
559 809 715 888 seientia,
743 813 854 873 littera
877 816 909 874 et
923 817 1008 874 artes
1023 835 1118 876 sunm

176 901 411 982 perfectionem,
435 919 588 980 suamque
610 905 881 968 conservationem
901 906 1003 968 ordini
1019 907 1118 970 bene-

178 995 305 1058 dictino.
857 1049 858 1053 ,

217 1094 249 1150 2⁰
270 1089 440 1152 clericatus
462 1089 678 1151 monachismo
702 1092 875 1154 maximam
901 1095 1006 1156 attulit
1030 1097 1117 1157 utili-

175 1187 287 1262 tatem,
305 1200 402 1262 quum
427 1181 602 1259 prasertim
620 1184 751 1246 clericus
774 1187 924 1248 secularis
946 1189 1117 1250 saecularia

175 1277 251 1340 vitia
265 1279 449 1356 prosecutus
464 1273 556 1336 nimis
583 1295 651 1338 esse
675 1278 853 1339 videbatur.
876 1282 942 1340 Hac
965 1279 1052 1342 enim
1074 1284 1116 1344 de

175 1389 271 1432 causa
283 1371 400 1429 factum
416 1373 462 1427 est
472 1370 506 1428 ut
516 1370 662 1430 monachi
672 1371 873 1450 benedictini,
882 1373 922 1433 ob
935 1379 1116 1452 spectatam

174 1463 245 1524 vita
262 1459 458 1522 sanctitatem
480 1479 545 1538 pra
567 1464 688 1525 cateris
714 1465 856 1541 clericis,
878 1467 1067 1530 emicuerint
1083 1475 1116 1531 et

178 1556 349 1618 maximam
371 1552 547 1632 principum
576 1559 607 1616 et
633 1557 823 1636 populorum
848 1559 1115 1622 existimationem

175 1649 234 1710 sibi
253 1664 437 1727 comparare
463 1649 494 1706 et
511 1646 557 1706 rei
581 1648 758 1710 christiana
773 1651 946 1730 plurimum
967 1654 1112 1717 conferre

174 1741 231 1802 visi
246 1742 318 1803 sint.

212 1837 244 1896 3⁰
264 1837 343 1900 Hinc
369 1839 437 1920 ipsa
458 1838 577 1919 regalia
589 1837 663 1917 jura
684 1853 754 1916 qua
774 1836 917 1914 pluribus
938 1840 1112 1902 abbatibus

175 1937 385 2011 secesserunt,
402 1952 465 1994 non
484 1949 616 2011 parvam
641 1948 749 1996 secum
767 1930 907 1992 tulerunt
927 1933 1109 1997 utilitatem.

176 2023 296 2104 Quippe
311 2032 481 2106 potuerunt
494 2025 569 2104 ipsa
581 2023 794 2102 legislationes
804 2024 910 2086 civiles
926 2026 1113 2090 orthodoxis

176 2117 273 2186 imbui
288 2120 465 2200 principiis;
481 2136 578 2198 quum
593 2117 651 2178 sub
666 2117 791 2178 illorum
803 2119 991 2180 auctoritate
1009 2121 1111 2182 modi-

175 2212 351 2276 ficabantnr
370 2232 439 2295 qua
457 2211 635 2274 christianae
659 2211 858 2289 perfectionis
878 2213 1110 2290 professionem

176 2324 214 2365 ex
235 2307 376 2369 instituto
390 2307 534 2368 foverint.
553 2306 670 2368 Verum
685 2303 826 2382 ingentes
840 2303 956 2366 divitia
978 2311 1011 2368 el
1024 2327 1109 2370 cura

174 2401 363 2477 temporales
374 2419 456 2480 qua,
468 2400 528 2459 hae
543 2398 581 2459 de
596 2416 701 2474 causa,
718 2397 880 2459 monachis
891 2405 1106 2480 accesserunt,

172 2510 211 2552 ex
232 2491 293 2551 alia
316 2495 416 2570 parte,
440 2510 590 2552 enervare
610 2493 772 2570 coeperunt
786 2492 995 2554 monasticam
1015 2494 1108 2556 disci-

173 2585 304 2666 plinam.
332 2587 433 2659 Quare
456 2604 538 2647 nova
556 2584 655 2663 surgit
668 2585 860 2663 regularium
876 2587 1018 2666 epocha,
1036 2607 1108 2668 qua

174 2679 351 2758 oppositam
367 2679 493 2741 omnino
518 2676 707 2758 praccdenti
722 2677 859 2756 speciem
872 2679 974 2758 gerit,
992 2699 1108 2762 nempe

172 2773 429 2835 mendicantium.

475 2909 514 2948 lll·
531 2907 614 2956 apocha
629 2907 798 2946 mendicantium.

211 3041 262 3100 Xl.
286 3038 367 3099 Dilui
383 3042 553 3119 coeperant,
574 3037 687 3098 saculo
701 3037 900 3114 duodecimo,
917 3037 1104 3116 ignorantia

170 3133 308 3197 tenebra
324 3152 393 3213 qua
410 3135 586 3193 anteactam
601 3133 725 3192 atatem
737 3131 943 3191 obduxerant.
955 3131 1104 3190 Omnium

171 3227 298 3307 ingenia
314 3244 395 3287 nova
409 3224 512 3285 moliri
524 3223 728 3300 conabantur,
744 3223 816 3284 etin
831 3241 868 3283 ea
883 3221 989 3284 omnia
1003 3227 1105 3284 tenta-

170 3321 256 3382 mina
280 3319 371 3380 aride
397 3335 623 3398 prorumpere,
648 3316 873 3394 qna'artium,
899 3316 1102 3376 scientiarum

169 3431 356 3492 morumque
383 3409 626 3472 restaurationes
648 3409 852 3489 sequentibus
867 3409 989 3470 saeulis
1011 3427 1101 3489 para-

168 3505 255 3563 bant.
274 3507 328 3562 Ha
350 3504 455 3564 saculi
478 3501 646 3564 tendentia
664 3502 867 3562 considerata
887 3502 919 3561 in
934 3495 1045 3562 ordine
1061 3502 1101 3562 ad

169 3593 284 3646 statum
297 3592 488 3668 religiosum,
512 3593 648 3652 infinitas
661 3593 890 3671 propemodum
906 3611 1003 3654 novas
1015 3594 1101 3655 insti-
