2502 4130
197 311 256 376 308
278 365 282 374 ,
397 325 628 376 1usr1rorronus
649 326 734 372 runis
756 324 912 374 cuuourcr.

199 473 366 552 praecepta
381 471 486 548 nullae,
501 471 595 532 nullae
609 471 726 548 vetitae,
743 469 1007 549 tamenquaedam
1016 467 1075 530 fini
1090 487 1136 530 as-

200 565 363 646 sequendo
386 564 524 644 aptiores
539 568 631 642 suut,
649 565 796 644 quadam
811 581 886 624 vero
903 562 1010 624 minus
1024 580 1139 642 oppor-

200 663 296 722 tunae.
323 661 426 731 Quare
449 657 518 736 ipsa
537 657 748 738 consequendi
773 656 844 717 finis
865 655 1044 718 sollicitudo
1069 675 1137 736 qua

199 756 293 833 urget
314 771 390 829 noe,
415 751 483 812 illas
505 751 595 812 sicuti
620 751 862 830 opportuniores
883 749 997 810 suadet
1012 768 1052 810 ac
1067 769 1138 829 sug-

200 846 297 926 gerit,
313 845 371 906 has
382 862 457 906 vero
473 847 625 924 tauquam
639 843 743 904 minus
758 845 950 922 opportunas
962 842 1135 903 dissuadet.

240 939 330 1001 Unde
352 939 385 998 in
399 938 469 1016 ipsa
483 937 643 1016 categoria
665 937 823 998 actionum
838 935 1088 996 indifferentium
1108 935 1137 995 in

199 1034 294 1094 finem
303 1033 387 1092 iutra
401 1031 504 1110 ipsum
519 1030 663 1091 ordinem
675 1029 906 1109 permissivum,
916 1028 1138 1112 distinguimus

200 1126 280 1186 duas
295 1125 469 1204 categorias
480 1125 639 1184 actionum
652 1127 683 1184 et
695 1123 911 1198 omissionum,
923 1139 1062 1201 quarum
1074 1122 1138 1182 aliae

200 1219 239 1278 de
252 1217 381 1280 consilio
397 1223 470 1278 sunt
482 1219 517 1278 ut
526 1218 614 1294 fiant,
631 1216 701 1276 aliae
715 1216 754 1276 de
767 1215 897 1276 consilio
911 1233 951 1274 ne
966 1215 1059 1276 fiant.

238 1313 276 1373 ll.
300 1311 440 1373 Christus
456 1313 580 1386 autem,
599 1310 654 1388 qui
667 1309 767 1370 voluit
788 1327 845 1370 nos
867 1327 929 1368 uon
952 1311 1082 1369 tantum
1096 1326 1139 1368 re-

198 1422 311 1482 parare
324 1403 356 1462 iu
371 1405 477 1479 finem,
493 1403 549 1464 sed
564 1403 659 1464 etiam
673 1402 787 1462 dooere
797 1401 972 1462 faciliorem
983 1400 1072 1461 viam
1081 1419 1140 1480 qua

157 1503 162 1510 '
197 1497 294 1558 finem
315 1499 458 1558 nostrum
479 1513 760 1575 consequeremur,
778 1495 950 1556 moralibus
971 1494 1140 1574 praeceptis

197 1589 327 1652 consilia
337 1589 458 1650 addidit
468 1589 652 1668 evangelica
660 1609 666 1648 :
675 1589 729 1648 illa
739 1591 774 1650 ut
785 1587 928 1648 ordinem
936 1605 1139 1649 servaremus

195 1683 228 1742 iu
243 1683 349 1754 finem;
367 1682 446 1758 haec,
457 1685 492 1742 ut
506 1681 971 1761 alacrioreS,expeditioresque
988 1681 1032 1742 ad
1045 1681 1139 1742 finem
1236 1695 1237 1754 j

196 1777 338 1834 nostrum
364 1775 555 1835 contendere
577 1794 741 1854 possemus
757 1795 764 1835 z
779 1774 833 1834 illa
854 1778 889 1835 ut
909 1776 1140 1835 conficeremus

195 1867 283 1944 vitia,
291 1866 520 1928 instrueremur
528 1861 711 1940 virtutibus3
726 1868 805 1944 haec,
814 1871 849 1928 ut
859 1867 961 1946 ipsam
970 1869 1139 1928 materiem
1236 1871 1237 1910 ³

196 1960 468 2022 substraheremus
478 1960 573 2038 vitiis,
584 1980 623 2021 ne
633 1962 703 2040 ipsa
717 1961 778 2022 illis
791 1961 951 2022 deservire
965 1961 1081 2039 possit,
1093 1961 1140 2021 vel
1236 1995 1237 2032 ;

196 2071 291 2134 agere
313 2053 512 2115 obstaculum
539 2053 590 2114 vel
613 2053 877 2133 impedimentum
897 2071 1020 2132 ponere
1042 2053 1076 2114 in
1091 2053 1141 2114 via

197 2166 260 2227 qua
274 2146 424 2208 adfinem
439 2153 581 2208 nostrum
595 2147 867 2208 contenderemus.
1109 2153 1117 2160 '
1236 2141 1237 2160 ²

236 2243 275 2302 lut
283 2259 359 2302 saue
366 2240 428 2320 legi
439 2239 553 2300 divinae
563 2239 693 2300 inimica
703 2244 750 2302 est
763 2239 1030 2319 concupiscentia,
1042 2258 1138 2320 quam

196 2350 253 2410 pro
268 2334 383 2412 triplici
404 2332 526 2413 objecto
544 2332 576 2392 in
598 2332 756 2411 triplicem
773 2337 900 2394 sanctus
916 2334 934 2394 J
937 2351 1061 2394 oannes
1076 2333 1138 2393 dis·
1236 2395 1237 2400 ,

193 2423 326 2502 tinguit3
351 2425 498 2486 videlieet
523 2447 529 2486 :
559 2425 848 2504 concupiscentiam
871 2425 994 2502 carnis,
1020 2444 1137 2487 eoncu-

195 2515 380 2596 piscentiam
404 2518 568 2578 oculorum
596 2521 628 2579 et
651 2519 833 2597 superbiam
854 2518 945 2590 vitae,
968 2518 1063 2580 sicuti
1091 2521 1137 2580 est

194 2609 391 2672 inordinatus
404 2611 572 2690 appetitus,
585 2613 616 2672 et
630 2612 744 2687 carniS,
755 2630 810 2673 seu
824 2611 1022 2672 sensibilium
1030 2611 1135 2672 oblec-

195 2706 418 2783 tamentorum,
436 2707 467 2765 et
481 2703 662 2764 divitiarum
676 2708 707 2764 et
721 2704 857 2783 propriae
866 2703 1071 2765 excellentia.

235 2796 314 2856 Hiuo
327 2800 499 2857 nascuntur
512 2796 572 2857 tria
586 2796 640 2856 illa
659 2796 736 2858 vitia
750 2814 820 2876 quae
840 2796 1013 2874 locarium,
1034 2797 1134 2858 auari-

196 2887 269 2948 ticm
290 2891 321 2950 et
338 2887 504 2968 superbiam
526 2907 756 2968 nuncupamus
776 2891 874 2950 Porro
896 2890 937 2949 ad
952 2890 1134 2968 superanda

195 2981 264 3043 haec
276 2981 353 3042 vitia
366 3000 494 3043 necesse
509 3001 571 3044 non
585 2984 633 3044 est
646 2986 681 3044 ut
691 2983 785 3044 homo
798 2982 993 3043 sensibilium
1006 2983 1132 3044 affectui

195 3079 251 3138 aut
263 3075 444 3138 divitiarum
459 3078 489 3137 et
503 3094 632 3136 suorum
642 3076 743 3138 amori
755 3076 882 3137 omnino
890 3076 1061 3153 renuntiet,
1077 3076 1131 3136 sed

137 3227 142 3232 .
195 3170 310 3231 sufficit
330 3173 365 3230 ut
385 3168 599 3230 inordinatum
619 3169 708 3231 tollat
727 3171 897 3246 affectum,
918 3171 950 3229 et
964 3168 1131 3230 contrariis

195 3262 362 3324 virtutibus
381 3279 439 3342 pro
463 3279 520 3320 sua
535 3261 714 3324 conditione
728 3262 865 3324 insistat:
887 3261 931 3323 sic
947 3261 1077 3324 castitas
1088 3263 1131 3321 ·in

194 3355 406 3433 matrimonio,
422 3352 594 3414 liberalitas
606 3353 638 3414 in
654 3355 786 3432 divitiis,
810 3355 970 3416 humilitus
982 3354 1016 3414 in
1032 3355 1133 3434 digni·

194 3451 258 3508 tate
274 3451 449 3508 serventur.

236 3539 298 3596 Sed
314 3538 475 3616 cognitum
489 3543 537 3600 est
551 3557 646 3620 quam
661 3539 787 3602 difficile
802 3540 843 3601 sit
855 3540 888 3602 in
900 3541 949 3604 his
963 3540 1081 3619 rebUS,
1098 3541 1130 3602 in
