2502 4130
363 261 403 318 ne
424 261 553 320 caruero
572 265 656 312 runs
678 264 834 322 cruorum.
1006 254 1065 328 295
1096 207 1108 232 '

128 407 332 470 confidentia.
348 411 502 470 Namtum
512 427 570 488 per
580 427 653 470 suos
665 409 839 472 ordinarios
851 411 1064 492 admlnistros,

127 520 245 580 nempe
255 501 468 580 magistratus,
483 505 550 563 tum
565 521 622 580 per
634 501 899 564 extraordinarios
921 504 1065 567 defenso·

125 614 180 655 res
192 594 395 656 ecclesiarum
405 613 423 653 a
433 614 467 654 se
480 595 656 675 deputatae,
669 613 792 658 summo
801 595 905 658 studio
915 597 1062 660 Ecclesiae

127 707 241 750 curam
252 687 409 766 prosecuti
422 692 505 749 sunt.

169 795 234 856 Sed
247 797 415 874 postquam
430 795 607 874 principum
626 795 747 858 animos
772 795 887 858 invasit
907 797 1062 876 cupiditas

119 888 246 968 jurium
270 888 571 962 ecelesiasticorum,
597 893 765 968 postquam
795 890 967 952 Ecclesiam
999 909 1062 955 non

86 1041 98 1046 ,
123 981 263 1060 amplius
274 983 427 1060 tanquam
438 986 573 1042 matrem
585 982 741 1059 venerari,
762 982 818 1044 sed
842 983 928 1044 illam
950 983 1061 1048 timere

123 1078 292 1152 coeperunt
305 1078 457 1154 tanquam
477 1075 634 1151 aemulam,
651 1074 741 1138 facile
762 1075 821 1138 sub
838 1076 1011 1138 advocatiae
1031 1082 1062 1150 et

123 1167 317 1228 defensionis
328 1167 417 1228 larva
430 1168 528 1229 hostis
547 1167 688 1231 animum
709 1169 915 1247 occultarunt,
933 1173 964 1230 et
979 1189 1062 1250 prae·¹

42 1265 46 1269 '
120 1263 212 1322 textu
228 1261 415 1340 protegendi
423 1260 496 1340 jura
512 1261 734 1338 ecelesiastica,
751 1279 788 1323 eo
801 1261 860 1324 sibi
876 1261 1015 1344 arripere
1028 1267 1059 1326 et

121 1353 272 1414 Ecclesiae
286 1353 409 1414 auferre
423 1354 611 1437 libertatern.

164 1459 245 1532 Quin
260 1477 323 1520 non
336 1460 503 1522 defuerunt
514 1460 651 1542 theologi
658 1460 850 1541 jansenistae‚
859 1462 923 1543 qui,
932 1465 965 1524 ul
975 1463 1059 1543 prin·

122 1553 230 1630 cipum
247 1552 368 1613 animos
382 1552 440 1612 sibi
458 1559 689 1632 compararent,
706 1573 883 1634 proponere
895 1559 1060 1634 coeperunt

120 1645 279 1708 theoriam
288 1646 326 1706 de
338 1645 463 1726 juribus
475 1647 678 1727 majestaticis
690 1649 722 1711 in
734 1648 893 1726 societate,
902 1666 975 1728 qna,
986 1667 1058 1711 con-

118 1739 287 1800 fundentes
302 1738 594 1803 defensionemcum
603 1727 820 1820 jurisdictione
831 1741 1054 1819 ecclesiastice,

119 1833 235 1894 docere
247 1835 410 1912 coeperunt
421 1833 623 1894 connaturale
636 1852 703 1894 esse
714 1835 810 1913 regiae
823 1834 1057 1916 majestatisjus

120 1945 161 1988 ea
175 1926 361 1988 moderandi
376 1945 447 2008 quae
459 1926 500 1988 ed
512 1925 696 2006 religionem
708 1926 825 2005 proprii
849 1930 948 1989 status
964 1927 1058 2004 perti·

121 2020 251 2097 nebant,
266 2023 298 2082 et
312 2038 349 2082 eo
364 2039 464 2101 usque
480 2008 633 2100 processit
647 2019 780 2080 audacia
798 2022 833 2081 ut
853 2019 879 2079 si
905 2018 981 2100 quid
1001 2019 1058 2080 ad-

120 2113 301 2174 mitteretur
326 2113 358 2173 in
380 2113 520 2174 Ecclesia
543 2112 749 2189 auctoritatis,
775 2114 854 2174 eam'
874 2131 893 2174 a
912 2111 1055 2190 principe

119 2207 263 2268 dicerent
275 2207 453 2286 delegatam
467 2205 573 2268 luisse.
590 2204 784 2278 Quaestiones
799 2223 869 2285 quae
884 2205 945 2266 hae
959 2203 998 2266 de
1019 2222 1055 2266 re

116 2301 210 2362 factae
240 2303 323 2376 sunt,
351 2300 391 2360 ad
417 2300 479 2362 duo
497 2301 613 2378 puncta
634 2297 776 2360 revocari
790 2301 940 2377 possunt:
959 2300 989 2360 1⁰
1014 2297 1055 2359 ad

119 2393 311 2472 principium
324 2411 362 2454 ex
382 2411 443 2472 quc
459 2393 519 2454 hoc
538 2393 591 2474 jus
615 2391 768 2470 originem
792 2389 952 2467 habuerit3
966 2395 997 2452 2⁰
1013 2389 1053 2452 ad

10 2549 12 2554 ,
114 2485 232 2548 limites
246 2486 360 2566 quibus
384 2489 580 2561 coarctatum
597 2485 681 2566 quod
696 2487 727 2546 et
749 2485 918 2565 seperatim
930 2488 1053 2565 perten-

114 2579 248 2641 tandum
263 2583 319 2642 est.

437 2745 454 2782 1.
467 2743 567 2790 nebulus
580 2743 634 2790 lurlr
647 2742 734 2790 origine.

156 2916 193 2974 V.
209 2913 399 2992 Proponitur
414 2913 543 2992 quaestio
558 2933 564 2974 :
579 2931 620 2973 an
632 2913 709 2973 illud
721 2930 759 2972 ex
765 2911 837 2992 jure
853 2907 987 2972 naturali
999 2909 1050 2970 vel

116 3006 327 3068 ecclesiastico
357 3006 563 3085 repetendum
590 3005 649 3066 sit?
667 3009 721 3066 An
743 3004 814 3086 jure
839 3001 1047 3065 ecclesiastico

114 3103 240 3160 tantum
263 3099 460 3179 recognitum
481 3098 593 3176 fuerit,
617 3099 667 3160 vel
695 3117 734 3158 ex
755 3097 949 3177 delegatione
967 3093 1047 3173 juris

115 3192 316 3253 ecelesiastici
328 3191 472 3270 primitus
487 3191 684 3252 institutum?
696 3193 761 3252 Hac
776 3191 808 3251 in
821 3186 1044 3262 controversia,

114 3284 372 3364 distinguendum
387 3288 434 3346 est
447 3285 528 3346 inter
538 3284 802 3346 extraordinarios
822 3283 1001 3342 defensores
1016 3281 1047 3342 et

114 3377 285 3438 advocatos
308 3396 386 3458 quos
407 3396 464 3458 pro
494 3377 726 3457 emergentibus
752 3371 975 3436 cicumstantiis
1004 3371 1045 3431 ad

109 3469 229 3553 jurium
242 3488 372 3532 suorum
385 3470 599 3532 defensionem
612 3469 754 3532 Ecclesia
767 3465 909 3543 instituit,
935 3465 974 3526 ab
997 3483 1045 3526 or-
