2502 4130
375 339 414 384 ns
434 337 563 386 cessero
582 339 665 387 rums
687 339 842 388 cononici.
950 401 952 408 s
1019 329 1078 392 m

189 485 263 546 ilaec
277 499 349 544 cum
363 481 407 544 ita
421 481 484 545 sint
497 527 509 560 ‚,
528 483 627 546 oritur
645 483 831 546 naturaliter
846 484 978 564 quesne
994 500 1035 547 eu
1052 487 1078 548 si

148 575 337 657 conjugatos
350 575 492 638 Ecclesia
506 577 672 655 receperit«
687 579 719 638 et
732 577 777 638 eis
791 576 929 658 conjugii
948 577 1079 659 legitimi

148 687 242 731 usum
262 669 474 731 concesserit?
490 669 522 731 Si
537 668 670 749 pristine
686 669 860 748 disciplinae
879 673 998 734 nosue
1012 688 1081 734 mo-

149 765 300 824 numents
319 762 379 823 hac
397 761 430 822 in
450 779 484 822 re
509 762 613 841 meoet
637 779 790 840 remeare,
813 762 961 825 videntur
974 765 1081 826 elerici

147 855 286 935 majores
300 855 421 932 saltem,
434 855 487 916 vix
499 873 538 916 ae
550 861 654 916 essent
666 855 812 933 ordinati,
829 874 862 917 se
878 857 918 917 ab
930 857 1080 920 uxoribus

148 947 597 1026 separasse,velcommuuem
611 966 683 1009 cum
698 947 773 1027 ipsis
796 950 964 1010 retinentes
988 951 1080 1012 cohu-

148 1039 354 1116 eiectionem,
375 1040 407 1099 in
431 1043 578 1119 separato
601 1042 705 1102 temen
732 1041 884 1118 conclavi,
914 1041 1080 1122 conjugale

148 1132 233 1195 thori
243 1131 465 1194 commercium
475 1151 548 1194 cum
555 1133 704 1194 uxoribus
712 1133 776 1194 suis
786 1133 906 1195 nullum
914 1134 1078 1210 habuisse3

149 1226 207 1286 sed
222 1224 387 1304 episcopis,
403 1225 595 1304 presbyteris
609 1225 658 1286 vel
676 1225 815 1287 diaconis
829 1229 943 1305 nuptas
957 1227 1081 1305 religio·

146 1335 220 1380 som
237 1317 410 1396 suscepisse
428 1318 581 1397 habitum,
604 1318 644 1378 de
662 1319 789 1380 nomine
807 1319 925 1399 gradus
949 1319 1007 1380 riri
1031 1317 1079 1381 sui

148 1411 250 1472 dictes
264 1410 439 1492 episcopua
448 1411 648 1490 presbyteras
658 1411 708 1473 vel
722 1411 882 1489 diacones,
891 1413 923 1474 et
936 1412 981 1473 ite
995 1411 1080 1474 oaeli-

148 1505 208 1566 hee
231 1503 381 1565 mansisse
403 1507 439 1565 ut
456 1503 611 1584 siquidem
636 1508 760 1566 mortuo
782 1504 877 1566 etiam
900 1505 967 1567 viro
989 1505 1078 1567 elteri

149 1597 177 1658 si
190 1599 394 1658 attentassent
402 1597 531 1674 nubere,
540 1597 640 1658 abillo
653 1615 716 1658 non
724 1597 792 1658 sine
798 1597 982 1676 poenitentis
991 1604 1080 1678 tepu-

150 1689 458 1768 instituentium
473 1690 513 1750 de
524 1689 761 1770 anteuitetibus
772 1689 857 1769 juris
866 1690 1029 1767 canonici,
1049 1693 1081 1752 et

151 1781 409 1859 'thomassinum
426 1781 573 1844 deveteri
586 1786 618 1843 et
627 1799 709 1844 nova
723 1783 872 1844 Ecclesiae
880 1782 1071 1862 disciplina.)

193 1875 256 1938 Sed
270 1873 474 1954 sequentibus
494 1873 743 1952 accusansque
764 1878 895 1954 apparet
916 1873 1080 1936 divusitm

149 1968 212 2028 hac
223 1967 256 2027 in
269 1985 303 2028 re
317 1967 399 2029 inter
412 1966 596 2030 orientalem
613 1970 644 2028 et
658 1965 884 2027 occidentalem
894 1966 1077 2028 Ecclesiam.

150 2058 232 2122 uam
242 2059 389 2121 videmus
399 2059 623 2121 occidentalem
632 2057 826 2120 seuletiuem
838 2057 1010 2120 Ecclesiam
1020 2075 1082 2118 ces-

148 2153 269 2216 libotus
280 2153 424 2214 servandi
447 2151 690 2229 tenacissimam,
715 2150 794 2212 adeo
817 2153 936 2211 utnon
958 2152 1081 2211 tautum

148 2245 300 2308 initerum
319 2245 499 2324 nuptiarum
514 2259 606 2306 enim
620 2243 799 2324 majoribus
815 2241 936 2304 clericis
951 2241 1082 2304 interdi-

150 2340 245 2417 xerit,
255 2337 312 2399 sed
326 2339 367 2400 ad
381 2338 657 2417 omnepericulum
665 2337 915 2414 tollendum,nec
926 2336 1082 2398 edsaeros

151 2431 279 2494 ordines
292 2432 427 2493 voluerit
440 2431 575 2510 emplius
589 2431 730 2510 recipere
742 2429 936 2510 conjugatos,
949 2429 1008 2491 nisi
1027 2435 1082 2494 aut

150 2525 278 2588 illorum
292 2543 405 2586 uxores
416 2527 525 2586 votum
538 2527 699 2602 perpetuae
715 2523 867 2586 eastitatis
879 2541 987 2586 eorem
1001 2522 1081 2602 epis·

151 2635 233 2697 copo
261 2617 446 2694 emisissent,
465 2615 558 2678 sotei
574 2633 598 2676 e·
615 2615 969 2696 qnarisiueontinentiae
981 2616 1083 2694 susus

153 2710 244 2772 ciode
259 2728 323 2771 non
333 2709 613 2786 essentimmunes‚
629 2709 661 2768 in
676 2707 901 2770 monasterium
921 2707 953 2766 iu
973 2719 1084 2788 perpe·

152 2806 243 2866 tuum
258 2803 504 2864 recluderentur.
523 2801 624 2862 Hodie
638 2800 812 2880 generatim
830 2801 969 2864 Ecclesia
986 2803 1084 2866 latina

152 2915 217 2958 non
232 2896 291 2957 nisi
301 2897 358 2958 sub
371 2896 430 2956 hec
445 2894 623 2957 conditione
638 2893 884 2974 conjugatosvel
894 2895 935 2956 ad
946 2895 1084 2958 minores

153 2990 258 3052 velud
280 2988 422 3070 majores
436 2988 562 3050 ordines
586 2986 800 3065 suscipiendos
817 2988 964 3052 admittit.
984 2989 1084 3069 Hujus

154 3083 327 3162 disciplinae
339 3085 527 3162 argumenta
541 3080 695 3142 hahemus
706 3091 775 3160 cap.
793 3081 822 3158 l,
835 3079 880 3142 De
891 3081 1004 3142 caricis
1016 3099 1085 3142 eoo-

146 3175 280 3256 juqatis,
292 3177 351 3236 etc.

195 3271 239 3330 it·
253 3269 315 3330 Sed
329 3283 393 3330 non
405 3267 449 3330 ita
461 3284 562 3346 penes
571 3263 748 3328 orientales
758 3265 823 3326 sive
837 3264 870 3325 id
882 3261 1084 3326 tribuendum

155 3359 302 3423 aitbellis
320 3365 353 3422 et
370 3359 541 3422 heresibus
562 3374 634 3440 quea
656 3357 789 3420 Orientis
812 3357 956 3436 regiones
976 3355 1085 3434 primis

155 3453 304 3516 Ecclesiae
319 3453 442 3516 saeculis
461 3453 665 3514 devastarunt
686 3449 831 3530 (inbelle
850 3448 1039 3528 silentleges
1055 3451 1087 3510 et

156 3547 313 3634 obrepunt
326 3546 468 3630 abusos),
483 3546 534 3608 uel
546 3543 738 3626 proclivitali
748 3557 846 3624 quem
854 3541 1087 3628 Grereisempee
