2588 4124
221 305 279 374 238
429 317 659 370 msmcnosrs
678 317 761 368 sous
782 319 936 370 ornemur.

221 473 343 532 neatur.
360 471 396 532 In
417 469 516 531 altero
531 485 607 529 vero
627 485 724 544 casu,
740 465 779 528 de
795 465 866 546 jura
880 469 1034 530 statutum
1049 473 1099 532 est
1120 473 1157 531 ut

221 563 303 626 inter
322 563 437 624 limites
455 560 614 641 parochie
636 559 817 638 principalis
831 561 881 621 vel
894 561 1055 638 matricis,
1071 581 1157 624 nova

221 656 355 718 aedicula
374 672 465 716 sacra
479 673 535 715 seu
556 652 728 733 paroetiolc
742 653 900 732 erigatur,
924 653 974 714 cui
988 654 1156 716 distinctus

220 748 357 823 sicarius
370 747 528 828 parochus
542 746 734 823 destinetur,
749 746 802 826 qui
817 745 948 806 servatis
963 747 1155 825 quibusdam
1270 803 1271 812 ,

221 841 438 921 dependentia
461 839 593 900 vinculis
608 857 685 917 erga
708 839 872 902 ecclesiam
893 839 1074 917 matricem,
1098 859 1155 901 seu

221 933 412 1015 parochiam.
425 931 627 1012 primitivam,
651 935 723 992 actu
742 935 833 1011 gerat
851 949 961 992 curam
976 932 1155 1011 animarum

222 1046 298 1107 erga
311 1026 436 1105 plebem
453 1025 538 1086 illam
554 1041 610 1103 pro
626 1041 689 1103 qua
703 1022 773 1084 hmo
785 1041 868 1085 nova
881 1027 987 1086 erecta
1001 1028 1049 1086 est
1062 1044 1154 1105 paro

221 1121 334 1182 ohiola.
352 1118 410 1191 Qui
425 1117 498 1178 licet
510 1119 581 1178 actu
597 1118 687 1195 gerat
700 1134 808 1176 curam
818 1115 1007 1194 animarum,
1018 1118 1154 1178 vicarius

222 1217 327 1275 tamen
340 1213 549 1289 nuncupatur,
559 1211 691 1288 propter
700 1207 843 1268 ordinem
857 1227 953 1289 quem
965 1215 1155 1289 servaterga

222 1305 388 1367 ecclesiam
403 1301 606 1382 primitivam,
620 1301 672 1362 cui
686 1301 797 1362 saltem
812 1301 922 1363 habitu
934 1302 1039 1364 adhoc
1050 1303 1154 1365 conei-

105 1433 114 1450 ι
221 1398 306 1476 pitur
320 1397 421 1458 inesse
437 1413 514 1456 cura
527 1392 731 1473 parochialis..

262 1490 414 1553 xxxin.
437 1487 492 1550 his
513 1486 639 1566 positis,
662 1485 703 1548 de
722 1485 818 1548 variis
829 1487 945 1549 horum
966 1489 1156 1551 sicariorum

222 1581 468 1662 speciebushoec
480 1597 647 1659 possumus
661 1579 804 1643 innuere.

262 1675 320 1738 Vel
331 1674 390 1753 ipsi
400 1673 508 1736 vicarii
520 1672 649 1751 parochi
663 1671 808 1751 perpetui
821 1676 904 1751 sunt,
918 1674 968 1736 val
980 1693 1067 1737 mere
1079 1680 1155 1739 tem
1270 1661 1271 1708 3

222 1767 363 1848 poranei.
377 1767 409 1829 Si
422 1765 570 1847 perpetui,
586 1765 727 1856 ipsorum
741 1765 879 1828 officium
890 1785 1004 1845 parum
1016 1770 1067 1831 vel
1080 1769 1155 1830 nihil

224 1861 318 1923 distat
341 1859 382 1922 ah
404 1858 513 1922 officio·
532 1858 759 1937 parochorum,
781 1859 913 1920 servatis
939 1863 1063 1922 tantum
1088 1863 1157 1942 qui·
1270 1927 1271 1950 3

223 1955 365 2017 busdam.
381 1951 516 2015 vinculis
532 1951 750 2030 dependentia
774 1970 850 2030 erga
870 1953 1155 2034 panochumpenes
1270 1999 1271 2005 κ

224 2065 319 2130 quem
332 2046 441 2110 hahita
451 2045 653 2107 residetcma
661 2043 838 2106 animarum
851 2044 947 2124 (quod
957 2047 1156 2124 potissimum

223 2142 256 2203 in
272 2140 460 2221 quibusdam
481 2136 659 2200 honorariis
676 2135 799 2217 juribus
822 2137 1015 2218 collocatur).
1037 2141 1156 2202 Eadem

219 2233 303 2315 jura,
313 2230 664 2296 eademofficiahahent
676 2230 898 2310 quaetparcchi.
912 2233 1086 2310 Propterea
1096 2233 1156 2294 iilis

223 2326 412 2405 applicanda
425 2324 555 2386 veniunt
569 2339 751 2402 quaersupra
767 2323 807 2383 de
821 2324 968 2402 parochis
982 2325 1153 2387 innuimus.

263 2418 296 2479 Si
317 2435 392 2480 vero
408 2416 601 2496 tenrpcrcoei,
621 2415 878 2495 distinguendum
896 2420 948 2479 est
961 2436 1003 2478 an
1016 2418 1076 2497 ipsi
1099 2419 1156 2479 ha-

223 2509 319 2572 beant
331 2508 506 2589 parcchum
520 2507 578 2568 sihi
595 2508 798 2587 superiorem
812 2509 861 2570 cui
877 2509 1086 2588 collaborant,
1106 2513 1156 2572 vel

224 2603 394 2684 suppleant
409 2601 543 2664 omnino·
555 2601 712 2662 defectum
726 2601 866 2680 parochi.
894 2602 926 2664 Si
945 2603 1102 2682 primum,
1124 2605 1155 2664 id

225 2700 281 2774 cst,
292 2696 318 2757 si
330 2714 416 2758 mere
428 2694 585 2758 substituti
597 2693 796 2755 inveniantur
805 2699 1015 2772 esse,tantum
1025 2702 1156 2775 possunt

225 2791 378 2869 qnantum
400 2788 475 2867 ipsis
498 2806 518 2848 a
540 2786 680 2867 parocho
703 2787 901 2849 commissam
924 2788 1154 2864 hahem13ner

224 2880 332 2944 vicarii
351 2880 482 2959 parochi
491 2880 566 2942 dicti
579 2882 662 2956 sunt,
675 2879 731 2940 sed
744 2880 950 2960 vice-permiti.

265 2973 297 3036 Si
317 2974 468 3050 alterum,
491 2976 526 3034 ut
556 2991 669 3050 nempe
698 2973 854 3052 parochus
878 2975 917 3035 de
945 2975 1036 3038 facto
1052 2977 1156 3040 culina

224 3067 399 3144 habeatur,
427 3065 695 3145 quemadmodum
719 3066 848 3144 parochi
879 3071 952 3128 sunt
977 3071 1153 3147 oeconomi,

225 3167 299 3226 tnnc
321 3178 379 3242 pro
397 3162 611 3222 ceconomatus
632 3157 679 3220 sui
703 3161 862 3236 tempore,
878 3159 911 3220 id
930 3179 1023 3222 omne
1038 3162 1156 3224 habent

225 3253 429 3332 auctoritatis,
443 3251 619 3333 generatim
629 3251 799 3330 loquendo,
814 3253 899 3333 quod
910 3253 986 3333 ipsis
998 3255 1155 3318 tribuatur

225 3346 381 3434 parochis.
