2518 4144
252 349 254 354 ’
325 381 433 428 marca
455 381 608 428 sinaeus
628 381 711 428 snare
733 383 887 433 canumet.
1029 367 1069 434 611

176 529 232 588 51»
246 528 316 588 Gor.
336 525 488 607 Objectnm
502 525 616 587 deinum
626 531 706 587 eirea
721 527 801 607 qnod
810 527 976 609 hujusmodi
978 539 1070 611 parta

131 640 184 682 sea
200 619 397 681 conventiones
411 627 576 694 versantur,
592 618 703 700 duplae
711 627 810 700 potest
824 620 975 702 distinqui.
988 625 1069 686 Alte-

131 734 201 773 rum
215 731 318 793 nempe
327 713 519 792 primariam,
537 712 747 787 immediatum,
768 713 911 774 directam
919 733 931 790 ;
945 715 1069 778 aiterum

131 825 202 868 cero
215 805 428 880 secundariam,
443 805 612 880 mediatam,
630 805 814 869 indirectum.

136 897 143 907 '
174 899 341 980 Objectum
362 897 454 978 hujus
474 899 628 977 pactionis
651 899 869 962 immediatum
889 901 1017 963 filerunt
1034 902 1069 962 li-

130 993 226 1054 mites
248 992 411 1070 utriusque
435 992 641 1069 auctoritatis
663 992 778 1055 limites
806 1013 919 1073 nempe
946 1013 1010 1056 non
1037 995 1069 1056 in

131 1087 303 1161 abstracto,
320 1085 428 1164 quales
439 1084 511 1165 jure
528 1085 596 1164 ipso
617 1086 722 1147 divino
746 1087 962 1149 determinatae
982 1093 1066 1166 sunt,

130 1179 190 1239 sed
211 1177 324 1238 limites
342 1177 373 1236 in
392 1181 538 1239 concreto
558 1181 589 1239 et
607 1179 647 1239 de
665 1179 758 1256 facto,
776 1180 828 1259 qui
851 1199 963 1260 nempe
983 1181 1068 1242 diae-

130 1275 204 1332 rent
228 1289 391 1350 quousque
414 1269 453 1331 de
479 1271 561 1332 iacto
581 1271 752 1333 auctoritas
765 1273 884 1334 Summi
909 1273 1067 1335 Pontificis

130 1367 333 1426 exerceretur
348 1381 406 1442 pro
422 1363 625 1425 moderandis
635 1365 728 1426 rebus
741 1365 947 1444 peculiarium
962 1367 1067 1428 Eccle-

130 1458 252 1520 siarum
274 1455 405 1536 alicujus
435 1457 524 1535 regni
546 1457 597 1518 vel
616 1458 750 1519 nationis
773 1478 811 1520 ex
830 1479 894 1520 una
910 1465 1014 1538 parte,
1035 1465 1068 1522 et

130 1569 297 1632 quousque
311 1549 480 1610 auctoritas
493 1549 642 1629 principis
652 1569 691 1611 ax
700 1551 800 1612 altera
809 1556 910 1630 parte,
925 1553 964 1613 de
979 1571 1066 1614 man·

130 1645 206 1705 dato
229 1642 447 1704 ecclesiastice
465 1643 675 1720 auctoritatis,
692 1644 787 1705 rebus
803 1644 1017 1724 spiritualibus
1032 1663 1065 1706 se

129 1740 239 1818 posset
253 1737 440 1796 immiscere.

171 1830 261 1902 Quod
276 1833 382 1891 autem
396 1829 480 1890 istud
495 1833 779 1908 temperamentum
796 1832 932 1894 exercitii
945 1831 1064 1914 jurium

128 1922 411 1985 ecclesiasticorum
427 1923 613 1984 naturaliter
623 1924 781 1985 redundet
797 1925 835 1987 in.
843 1928 959 1987 statum
974 1923 1065 1986 disci·

128 2017 285 2098 plinarem
303 2016 428 2088 illamam
445 2015 657 2076 Ecclesiarum
676 2035 746 2096 quae
765 2017 798 2078 in
815 2017 867 2078 illo
889 2019 939 2079 vel
953 2017 986 2078 in
1004 2017 1064 2078 hoc

128 2129 230 2190 regno
248 2109 456 2185 continentur,
474 2108 548 2168 inde
564 2111 611 2170 est
632 2109 717 2188 quod
740 2113 840 2170 status
857 2109 1065 2187 disciplinaris

128 2203 337 2282 peculiarium
351 2201 579 2277 Ecclesiamm,
597 2220 653 2262 seu
668 2201 888 2262 determinatio
905 2201 987 2261 illius
1002 2203 1065 2261 sta-

127 2301 182 2358 tus
199 2295 380 2374 singularis,
404 2294 563 2374 objectum
580 2293 803 2356 secundarium
822 2293 983 2356 constituit
1005 2293 1064 2355 hu-

123 2389 266 2471 jusmodi
281 2388 473 2468 pactionum.

171 2483 251 2544 VIII.
275 2484 358 2560 Ergo
376 2481 444 2561 jam
461 2481 614 2542 habemus
636 2481 826 2560 completam
840 2482 995 2543 rationem
1007 2501 1063 2542 seu

127 2575 361 2653 descriptionen
385 2574 647 2636 concordatorum
671 2591 741 2654 quae
768 2574 812 2634 sie
839 2575 961 2634 deliniri
991 2593 1064 2653 pos-

126 2671 221 2728 sunt:

169 2760 317 2821 Selemnos
329 2759 476 2840 pactiones
488 2758 523 2820 de
536 2759 679 2820 limitibus
691 2758 877 2819 auctoritatis
884 2759 962 2820 inter
975 2759 1063 2820 Sum-

123 2875 208 2915 mam
242 2853 419 2935 Pontificem
453 2860 481 2913 et
514 2853 666 2934 principos
700 2851 841 2912 seculares
874 2852 973 2928 onita,
1003 2872 1062 2934 pro

123 2947 324 3008 moderamine
337 2953 429 3007 statne
443 2945 640 3026 deciplinaris
651 2945 847 3026 peculiarium
861 2945 1062 3006 Ecclesiornm
1082 3019 1086 3026 ι

124 3041 256 3121 alicujus
281 3040 368 3121 repni
388 3039 435 3100 cei
453 3039 597 3114 notionis,
615 3037 656 3098 ad
671 3057 775 3120 pacem
800 3039 994 3120 reparandam
1017 3039 1065 3100 oel

122 3133 298 3196 seruandam
323 3133 400 3193 inter
420 3131 612 3192 sacerdotium
632 3140 661 3193 et
685 3152 817 3212 reqnam.
839 3135 887 3194 lta
903 3133 1063 3194 declarata

124 3229 393 3290 concordatorum
408 3228 533 3303 natura,
550 3245 633 3286 nunc
648 3226 687 3286 de
700 3225 825 3286 illorum
839 3225 957 3287 valore.

164 3325 218 3384 IX.
233 3325 263 3383 2⁰
274 3319 319 3382 De
334 3319 432 3381 calore
443 3318 692 3380 concordatornm.
710 3319 806 3381 Valor
820 3319 1003 3380 immediatas
1016 3321 1063 3378 est

122 3417 216 3478 valor
236 3414 320 3494 pacti
344 3431 400 3473 seu
425 3415 618 3490 contractum
645 3410 788 3472 mediatae
810 3431 885 3472 vero
908 3413 954 3470 est
973 3409 1062 3469 valor

122 3513 153 3572 le
179 3509 229 3570 'sz
310 3549 313 3555 -

155 3529 197 3674 Β110
212 3603 291 3664 Cum
306 3599 402 3678 igitur
417 3599 641 3660 concordatum
655 3597 810 3677 pertineat
820 3597 860 3692 ad
871 3613 971 3674 genus
986 3611 1060 3672 pac·

924 3697 954 3752 41
