2540 4132
198 337 256 398 {32
409 345 638 394 msrrrcrrouns
657 345 741 392 rmus
762 342 915 392 canonici.

236 495 303 554 vll.
327 491 499 553 summano
523 492 669 550 dicuntur
693 491 839 568 quadam
865 489 977 548 breves
1005 484 1130 564 periodi

199 607 270 667 quae
284 585 497 646 inscribuntur
510 601 606 661 supra
619 583 742 661 singula
756 582 859 660 capita
873 597 943 660 quae
958 579 1017 640 sub
1032 579 1132 639 variis

197 679 331 741 rubricis
347 677 556 752 continentur,
572 680 606 736 ut
621 675 801 735 summatim
814 676 993 752 proponant
1012 673 1065 732 vel
1080 691 1133 734 os-

198 773 330 834 tendant
352 771 410 831 sub
435 769 528 829 unico
555 772 684 847 aspectu
709 768 895 828 sententiam
922 766 1132 844 principalem

200 883 357 927 canonum
372 864 423 924 vel
437 862 586 940 capitum.
607 865 681 922 Haec
702 881 792 937 vero,
816 863 910 938 prout
928 879 998 939 quae
1023 877 1134 920 acces-

198 962 305 1019 serunt
315 956 418 1018 studio
428 955 622 1034 privatomm
634 955 675 1014 ad
684 953 923 1014 illustrationem
934 953 1134 1031 singulorum

199 1052 336 1131 capitum
350 1097 359 1125 ,
376 1049 495 1109 nullam
508 1049 626 1108 habent
641 1047 858 1108 auctoritatem
870 1046 1014 1124 legalem.

238 1146 318 1206 vlu.
343 1141 451 1205 Glaesoe
475 1142 623 1202 dicuntur
645 1140 790 1220 quadam
815 1139 1042 1200 commentaria
1074 1157 1132 1199 seu

199 1237 471 1316 interpretationes
486 1254 556 1313 quae
570 1234 603 1292 in
618 1233 754 1312 antiquis
774 1233 962 1294 editionibus
981 1232 1131 1310 Corporis

146 1397 151 1405 ,
194 1332 275 1412 juris
287 1330 428 1391 canonici
441 1331 643 1389 recensentur
655 1327 686 1385 in
698 1326 968 1410 margineDecreti
976 1325 1130 1402 Gratiani,

198 1423 408 1485 Decretalium
436 1423 528 1500 Greg.
552 1423 610 1496 lx,
632 1419 717 1481 Serti
742 1423 773 1480 et
796 1419 1064 1480 clementinorum
1092 1437 1133 1479 ea

198 1521 303 1578 mente
316 1521 352 1578 ut
366 1515 525 1576 declarent
539 1513 590 1572 vel
603 1513 720 1588 verba,
737 1512 787 1572 rel
802 1512 972 1574 sententias
989 1511 1137 1590 singulo-‘

198 1627 268 1668 rum
281 1609 431 1686 capitum.

238 1701 301 1762 Sed
325 1719 370 1760 ear
396 1701 492 1761 etiam
513 1718 575 1760 non
597 1699 715 1760 habent
739 1699 796 1759 nisi
817 1699 956 1778 privatos
971 1701 1130 1776 auctores,

198 1811 333 1874 quorum
349 1793 374 1852 si
390 1793 497 1871 aliqua
509 1793 568 1854 fuit
583 1793 788 1869 existimatio,
805 1793 930 1872 quando
952 1792 1057 1852 infans
1080 1792 1131 1852 vel

199 1887 381 1948 adolescens
403 1889 484 1946 esset
493 1885 574 1965 juris
587 1886 755 1966 prudentia
769 1885 930 1962 canonica,
947 1885 1043 1946 hodie
1058 1889 1130 1963 post

200 1978 379 2060 hujusmodi
402 1977 574 2057 disciplina
603 1997 822 2058 progressum,
849 1979 969 2038 nullam
994 1979 1132 2057 amplius

200 2073 341 2134 obtinere
352 2075 483 2152 possunt
497 2071 726 2133 auctoritatem.
746 2072 836 2134 Unde
857 2071 889 2130 in
904 2072 1134 2132 recentioribus

201 2167 389 2229 editionibus
404 2185 467 2227 non
481 2165 615 2243 amplius
629 2165 838 2243 reperiuntur.

239 2264 291 2322 IX.
315 2259 488 2320 Additiones
511 2258 657 2337 quaedam
682 2258 772 2319 faetae
796 2259 923 2318 fuerunt
949 2257 1000 2318 vel
1028 2257 1135 2318 studio

200 2357 412 2415 correctorum
426 2369 629 2414 romanorum
643 2349 675 2410 in
693 2354 824 2412 Decreto
840 2350 989 2423 Gratiani3
1007 2351 1136 2430 illaeque

200 2447 301 2506 solent
313 2445 466 2504 distinctis
480 2444 691 2505 caracteribus
706 2445 819 2521 notari,
833 2463 869 2504 eo
882 2445 943 2504 tine
956 2446 992 2504 ut
1002 2444 1137 2522 quilibet

199 2537 297 2617 possit
311 2556 348 2598 er
362 2536 399 2597 iis
412 2536 559 2615 colligere
574 2555 701 2598 sensum
715 2539 766 2598 vel
779 2537 998 2598 auctoritatem
1021 2555 1137 2597 monu-

200 2635 379 2694 mentorum
394 2647 463 2710 quae
478 2629 511 2689 in
524 2630 670 2691 Gratiano
684 2631 872 2692 refemntur.
1034 2687 1039 2692 .

241 2723 454 2785 Decretalibus
469 2741 545 2783 vero
562 2723 702 2801 Gregorii
717 2725 775 2798 lX,
790 2723 935 2802 quaedam
955 2723 1135 2784 additiones

202 2817 291 2877 factae
315 2820 388 2877 sunt
415 2816 517 2877 studio
546 2816 671 2876 Antonii
696 2816 796 2877 Contii
819 2817 896 2876 Galli
919 2821 950 2876 et
974 2817 1135 2877 Francisci

201 2908 301 2970 Venia
314 2908 455 2986 Hispani,
466 2909 519 2987 qui
531 2927 568 2968 ex
578 2908 787 2969 anterioribus
799 2909 1010 2970 Decretalium
1023 2909 1136 2969 collec-

201 3001 337 3064 tionibus
362 3005 512 3062 curarunt
534 3001 698 3062 extrahere
730 3001 853 3080 integra
881 3002 1034 3079 rescripta
1062 3018 1135 3080 quae

201 3097 324 3157 tantum
344 3093 488 3154 mutilata
512 3093 669 3154 habentur
689 3094 720 3153 in
744 3094 980 3171 Decretalibus,
1001 3097 1037 3154 ut
1064 3093 1136 3173 quis

201 3187 311 3250 melius
335 3190 551 3248 contexturam
577 3187 715 3266 capitum
743 3186 841 3265 possit
867 3186 1132 3247 animadvertere.

202 3281 265 3344 Sed
281 3280 460 3361 hujusmodi
481 3279 656 3340 additiones
673 3298 781 3340 omnes
804 3279 895 3340 utiles
918 3280 1046 3359 quidem
1061 3283 1137 3340 sunt

201 3376 241 3436 ad
269 3373 454 3434 illustranda
489 3377 713 3449 monumenta,
742 3373 861 3433 nullam
888 3391 961 3434 vero
996 3373 1138 3452 legalem

201 3468 319 3528 habent
341 3465 576 3541 auctoritatem,
596 3485 652 3526 seu
674 3464 734 3526 illis
753 3466 839 3528 nulla
857 3465 936 3547 legis
960 3465 1135 3528 auotoritas

202 3577 341 3647 unquam
356 3557 496 3618 accessit.
