2502 4130
356 346 395 394 or.
416 345 546 394 onracro
565 343 649 392 rums
671 345 826 396 arnamar.
998 331 1057 395 305

118 493 248 576 pietatis
259 492 493 573 etpoenitentiae
501 492 640 574 studium
650 493 736 572 quod
745 511 804 573 per
812 492 949 574 rigorem
960 492 1058 572 poeni·

118 588 229 650 tentiae
242 587 376 666 publicae
388 585 590 648 obtinebatur
599 585 631 646 in
641 587 792 664 Ecclesia,
800 587 953 667 quasdam
966 605 1058 666 pecu·

119 682 217 742 liares
229 679 394 740 societates
408 678 546 740 inierunt
557 678 629 739 laici
644 681 680 740 nt
689 679 813 758 pietatis
823 683 854 741 et
865 679 1057 759 peonitentia

121 773 272 854 operibus
295 772 422 852 speciali
438 773 532 834 modo
552 771 785 834 addicerentur.
807 775 882 834 Haec
901 771 1058 834 consortia

120 867 248 929 laicalia
271 866 420 927 canonice
444 868 475 927 et
496 866 691 946 frequenter,
715 866 778 928 imo
795 867 980 946 plerumque
998 865 1057 927 snb

120 961 320 1044 invocationp
336 959 467 1040 alicujus
481 961 580 1021 sancti
595 960 737 1022 instituta
751 963 834 1037 sunt,
851 979 890 1021 ea
900 963 1006 1020 mente
1022 961 1058 1020 ut

122 1055 296 1116 confratres
310 1054 361 1114 vel
378 1071 562 1115 consorores
579 1053 715 1132 pictatia,
732 1052 887 1131 caritatis,
903 1052 1056 1132 poeniten·

120 1149 238 1228 tiaeque
254 1146 408 1208 exercitiis
428 1165 495 1208 sese
524 1147 682 1209 addicant.
701 1147 802 1226 Vulgo
817 1146 990 1227 confratria
1002 1163 1056 1206 seu

121 1240 263 1302 sodalitio
276 1239 379 1300 solent
390 1241 508 1303 vocari.

164 1336 284 1395 Horum
298 1331 513 1393 sodalitiorum
537 1329 657 1410 species
671 1348 751 1409 pena
767 1330 896 1393 inlinitae
911 1335 984 1394 sunt
998 1349 1055 1412 pro

121 1426 217 1508 genio
233 1424 431 1487 multiformis
448 1425 572 1504 pietatis
593 1428 625 1486 et
642 1423 782 1486 caritatis
794 1423 832 1504 in:
843 1426 983 1487 Ecclesia
994 1423 1057 1485 fer·

121 1519 226 1582 ventis
240 1521 270 1580 et
280 1537 336 1598 pro
347 1522 526 1596 temporum
541 1518 795 1596 circumstantiis,
807 1537 876 1599 quae
889 1539 986 1580 unum
1003 1521 1057 1580 aut

122 1613 211 1676 aliud
225 1612 401 1674 institutum
422 1611 497 1672 visa
513 1616 585 1673 sunt
605 1611 776 1690 postulare.
796 1612 1058 1677 Discrimiuantur

121 1713 293 1788 propterea
305 1706 427 1766 ratione
441 1694 714 1786 finisspacialisob
730 1725 824 1786 quem
834 1705 1055 1777 instituuntur;

121 1821 155 1862 v.
166 1819 197 1879 g.
208 1798 248 1859 ad
258 1797 508 1878 promovendum
518 1799 637 1860 cultum
647 1799 840 1861 sanctissimi
849 1797 1055 1874 sacramenti,

120 1894 164 1956 ad
183 1892 433 1972 promovendam
445 1892 645 1954 devotionem
659 1893 787 1970 rosarii,
804 1893 845 1953 ad
859 1891 1057 1970 recipiendos

120 1986 317 2068 peregrinos,
335 1986 572 2058 eto.;-ratione
588 1985 653 2061 toci,
669 1985 809 2046 ecolesiae
819 1985 869 2046 vel
884 1984 1013 2063 capellae
1025 1982 1057 2042 in

122 2099 188 2160 qua
198 2085 271 2140 sunt
281 2078 601 2152 instituta3-ratione
613 2078 808 2160 subjectorum
818 2079 931 2159 quibus
939 2075 1058 2138 coales-

122 2176 209 2250 cunt,
226 2172 395 2253 aliquando
411 2172 504 2233 unius
516 2173 567 2233 vel
581 2173 744 2252 utriusque
757 2190 859 2248 sexus,
877 2174 998 2243 etc.;-
1007 2187 1058 2228 ra-

120 2266 208 2328 tione
219 2265 580 2346 antiquitatus—ratione
589 2265 836 2344 privilegiorum,
846 2261 1057 2344 potissimum-

122 2377 185 2437 que
200 2357 459 2437 indutpcatiarcm‚
471 2357 584 2437 quibus
594 2358 750 2437 gaudent3
764 2358 809 2419 ita
819 2361 855 2419 ut
865 2352 1056 2435 impossibile

122 2451 190 2512 fere
218 2447 257 2512 sit
283 2451 351 2512 hacc
379 2451 485 2512 omnia
516 2451 556 2510 ad
584 2469 681 2512 unam
709 2455 889 2532 certamque
915 2448 1057 2529 regulam

120 2544 253 2606 referre.

164 2637 226 2699 Sed
242 2637 324 2698 inter
339 2638 454 2716 omnia,
469 2639 522 2699 illa
541 2641 678 2700 emicant
694 2637 892 2717 potissimum
907 2633 1054 2713 collegia,

121 2751 161 2792 ex
173 2730 249 2792 viris
263 2731 482 2810 coalescentia,
495 2751 565 2812 quae
575 2733 607 2792 in
618 2733 724 2812 aliqua
737 2729 870 2791 ecclesia
882 2730 955 2790 sunt
967 2744 1058 2788 eano-

121 2824 192 2886 nice
211 2823 353 2886 instituta
372 2827 407 2885 ut
426 2825 508 2886 illius
529 2825 738 2904 temporalem
753 2820 1057 2885 administrationem

122 2918 273 2994 habeant,
292 2936 312 2978 ιι
341 2918 514 2979 confratres
530 2919 634 2999 aliquo
645 2917 771 2996 speciali
783 2916 893 2978 habitu
904 2915 955 2976 vel
967 2932 1056 2976 sacro

122 3011 226 3072 induti
245 3011 286 3071 ad
308 3011 407 3072 instar
426 3011 591 3092 cujusdam
612 3011 736 3090 collegii
761 3009 913 3072 clericalis
929 3011 1058 3089 possent

123 3104 221 3166 sacris
229 3103 440 3165 functionibus
451 3104 607 3182 assistere,
622 3111 654 3166 et
663 3123 727 3165 una
739 3123 811 3166 cum
822 3105 904 3166 clero
917 3104 949 3163 in
957 3101 1057 3188 publi-

123 3197 168 3258 cis
183 3196 462 3276 supplicationibus
478 3197 638 3258 associari.

164 3292 240 3363 Quae
264 3309 340 3350 vero
362 3309 423 3351 non
445 3294 578 3370 possunt
595 3291 700 3351 facere
723 3293 875 3370 tanquam
895 3287 982 3364 laici,
1003 3286 1058 3348 illa

123 3404 181 3465 per
195 3383 365 3463 quemdam
380 3384 529 3446 clericum
543 3403 599 3445 scu
613 3383 812 3465 capellanum
827 3383 989 3461 praestant,
1003 3380 1058 3459 qui

123 3478 163 3539 ad
178 3477 240 3538 hoc
254 3477 423 3556 deputatur
437 3477 628 3540 utiusac1is
643 3476 801 3538 deserviat
813 3474 1034 3537 confratribus.

163 3572 216 3634 IV.
239 3571 344 3634 Tertia
359 3572 517 3652 categoria
532 3573 655 3634 constat
669 3589 707 3632 ex
720 3570 758 3633 iis
772 3567 911 3650 collegiis
925 3585 995 3650 quae
1010 3567 1058 3632 in-
