<?xml version="1.0" encoding="UTF-8"?>
<!DOCTYPE html PUBLIC "-//W3C//DTD XHTML 1.0 Transitional//EN"
    "http://www.w3.org/TR/xhtml1/DTD/xhtml1-transitional.dtd">
<html xmlns="http://www.w3.org/1999/xhtml" xml:lang="en" lang="en">
 <head>
  <title>
</title>
<meta http-equiv="Content-Type" content="text/html;charset=utf-8" />
  <meta name='ocr-system' content='tesseract 3.04.00' />
  <meta name='ocr-capabilities' content='ocr_page ocr_carea ocr_par ocr_line ocrx_word'/>
</head>
<body>
  <div class='ocr_page' id='page_1' title='image "./institutionesju03marigoog_0258.png"; bbox 0 0 2542 4122; ppageno 0'>
   <div class='ocr_carea' id='block_1_1' title="bbox 201 297 921 370">
    <p class='ocr_par' dir='ltr' id='par_1_1' title="bbox 201 297 921 370">
     <span class='ocr_line' id='line_1_1' title="bbox 201 297 921 370; baseline -0.01 -7"><span class='ocrx_word' id='word_1_1' title='bbox 201 297 262 370; x_wconf 63' lang='lat'>2³0</span> <span class='ocrx_word' id='word_1_2' title='bbox 412 309 641 362; x_wconf 80' lang='lat' dir='ltr'>rnsrrrorrouas</span> <span class='ocrx_word' id='word_1_3' title='bbox 660 311 744 358; x_wconf 81' lang='lat' dir='ltr'>rums</span> <span class='ocrx_word' id='word_1_4' title='bbox 765 309 921 358; x_wconf 77' lang='lat' dir='ltr'>mucram.</span> 
     </span>
    </p>
   </div>
   <div class='ocr_carea' id='block_1_2' title="bbox 200 454 1143 1922">
    <p class='ocr_par' dir='ltr' id='par_1_2' title="bbox 202 454 1143 812">
     <span class='ocr_line' id='line_1_2' title="bbox 202 454 1143 535; baseline 0 -17"><span class='ocrx_word' id='word_1_5' title='bbox 202 454 348 518; x_wconf 84' lang='lat' dir='ltr'>omuibus</span> <span class='ocrx_word' id='word_1_6' title='bbox 369 461 417 516; x_wconf 84' lang='lat' dir='ltr'>eat</span> <span class='ocrx_word' id='word_1_7' title='bbox 430 455 586 534; x_wconf 84' lang='lat' dir='ltr'>episcopia</span> <span class='ocrx_word' id='word_1_8' title='bbox 598 454 956 533; x_wconf 62' lang='lat' dir='ltr'>saponem-omnibus</span> <span class='ocrx_word' id='word_1_9' title='bbox 972 455 1044 516; x_wconf 90' lang='lat' dir='ltr'>aliis</span> <span class='ocrx_word' id='word_1_10' title='bbox 1054 455 1143 535; x_wconf 87' lang='lat' dir='ltr'>eapi-</span> 
     </span>
     <span class='ocr_line' id='line_1_3' title="bbox 202 547 1141 628; baseline -0.001 -16"><span class='ocrx_word' id='word_1_11' title='bbox 202 547 275 612; x_wconf 88' lang='lat' dir='ltr'>tulis</span> <span class='ocrx_word' id='word_1_12' title='bbox 287 565 448 626; x_wconf 80' lang='lat' dir='ltr'>superesse</span> <span class='ocrx_word' id='word_1_13' title='bbox 462 547 624 624; x_wconf 78' lang='lat' dir='ltr'>dignitate,</span> <span class='ocrx_word' id='word_1_14' title='bbox 639 551 791 626; x_wconf 88' lang='lat' dir='ltr'>tanquam</span> <span class='ocrx_word' id='word_1_15' title='bbox 803 547 881 608; x_wconf 90' lang='lat' dir='ltr'>illud</span> <span class='ocrx_word' id='word_1_16' title='bbox 891 548 977 628; x_wconf 86' lang='lat' dir='ltr'>quod</span> <span class='ocrx_word' id='word_1_17' title='bbox 990 549 1025 610; x_wconf 91' lang='lat' dir='ltr'>in</span> <span class='ocrx_word' id='word_1_18' title='bbox 1040 550 1141 611; x_wconf 88' lang='lat' dir='ltr'>admi·</span> 
     </span>
     <span class='ocr_line' id='line_1_4' title="bbox 202 638 1142 719; baseline 0 -15"><span class='ocrx_word' id='word_1_19' title='bbox 202 639 418 704; x_wconf 86' lang='lat' dir='ltr'>nistrationem</span> <span class='ocrx_word' id='word_1_20' title='bbox 447 638 602 703; x_wconf 80' lang='lat' dir='ltr'>universae</span> <span class='ocrx_word' id='word_1_21' title='bbox 635 639 783 702; x_wconf 76' lang='lat' dir='ltr'>Ecclesia</span> <span class='ocrx_word' id='word_1_22' title='bbox 812 640 950 719; x_wconf 82' lang='lat' dir='ltr'>aliquem</span> <span class='ocrx_word' id='word_1_23' title='bbox 982 642 1142 704; x_wconf 84' lang='lat' dir='ltr'>mssnxum</span> 
     </span>
     <span class='ocr_line' id='line_1_5' title="bbox 202 738 477 812; baseline -0.018 -14"><span class='ocrx_word' id='word_1_24' title='bbox 202 751 348 798; x_wconf 85' lang='lat' dir='ltr'>exercere</span> <span class='ocrx_word' id='word_1_25' title='bbox 362 738 477 812; x_wconf 86' lang='lat' dir='ltr'>posset.</span> 
     </span>
    </p>

    <p class='ocr_par' dir='ltr' id='par_1_3' title="bbox 200 823 1142 1922">
     <span class='ocr_line' id='line_1_6' title="bbox 242 823 1142 905; baseline 0.003 -17"><span class='ocrx_word' id='word_1_26' title='bbox 242 828 294 888; x_wconf 91' lang='lat' dir='ltr'>Xl.</span> <span class='ocrx_word' id='word_1_27' title='bbox 317 824 363 887; x_wconf 80' lang='lat' dir='ltr'>Dc</span> <span class='ocrx_word' id='word_1_28' title='bbox 382 825 502 905; x_wconf 78' lang='lat' dir='ltr'>callepio</span> <span class='ocrx_word' id='word_1_29' title='bbox 521 823 728 886; x_wconf 80' lang='lat' dir='ltr'><strong><em>cardinalium.</em></strong></span> <span class='ocrx_word' id='word_1_30' title='bbox 753 825 843 896; x_wconf 80' lang='lat' dir='ltr'>Quod</span> <span class='ocrx_word' id='word_1_31' title='bbox 859 843 935 904; x_wconf 89' lang='lat' dir='ltr'>ergo</span> <span class='ocrx_word' id='word_1_32' title='bbox 961 827 995 886; x_wconf 91' lang='lat' dir='ltr'>in</span> <span class='ocrx_word' id='word_1_33' title='bbox 1016 831 1142 890; x_wconf 74' lang='lat' dir='ltr'>caeteris</span> 
     </span>
     <span class='ocr_line' id='line_1_7' title="bbox 202 917 1142 997; baseline 0.001 -15"><span class='ocrx_word' id='word_1_34' title='bbox 202 919 352 995; x_wconf 90' lang='lat' dir='ltr'>ecclesiis,</span> <span class='ocrx_word' id='word_1_35' title='bbox 369 917 402 978; x_wconf 93' lang='lat' dir='ltr'>id</span> <span class='ocrx_word' id='word_1_36' title='bbox 417 918 513 980; x_wconf 88' lang='lat' dir='ltr'>etiam</span> <span class='ocrx_word' id='word_1_37' title='bbox 531 918 563 977; x_wconf 92' lang='lat' dir='ltr'>in</span> <span class='ocrx_word' id='word_1_38' title='bbox 581 920 670 980; x_wconf 83' lang='lat' dir='ltr'>Rom.</span> <span class='ocrx_word' id='word_1_39' title='bbox 689 917 820 978; x_wconf 86' lang='lat' dir='ltr'>dioecesi</span> <span class='ocrx_word' id='word_1_40' title='bbox 832 925 998 997; x_wconf 88' lang='lat' dir='ltr'>receptum</span> <span class='ocrx_word' id='word_1_41' title='bbox 1011 921 1087 997; x_wconf 79' lang='lat' dir='ltr'>brit,</span> <span class='ocrx_word' id='word_1_42' title='bbox 1105 927 1142 984; x_wconf 91' lang='lat' dir='ltr'>nt</span> 
     </span>
     <span class='ocr_line' id='line_1_8' title="bbox 201 1010 1142 1092; baseline 0 -18"><span class='ocrx_word' id='word_1_43' title='bbox 201 1011 434 1092; x_wconf 80' lang='lat' dir='ltr'>presbyterium</span> <span class='ocrx_word' id='word_1_44' title='bbox 459 1028 572 1089; x_wconf 86' lang='lat' dir='ltr'>nempe</span> <span class='ocrx_word' id='word_1_45' title='bbox 601 1010 786 1071; x_wconf 87' lang='lat' dir='ltr'>clericorum</span> <span class='ocrx_word' id='word_1_46' title='bbox 811 1011 969 1091; x_wconf 89' lang='lat' dir='ltr'>majorum</span> <span class='ocrx_word' id='word_1_47' title='bbox 993 1012 1142 1074; x_wconf 76' lang='lat' dir='ltr'>diaecesis</span> 
     </span>
     <span class='ocr_line' id='line_1_9' title="bbox 201 1103 1141 1184; baseline 0 -16"><span class='ocrx_word' id='word_1_48' title='bbox 201 1103 404 1168; x_wconf 72' lang='lat' dir='ltr'>constitueret</span> <span class='ocrx_word' id='word_1_49' title='bbox 416 1110 559 1166; x_wconf 86' lang='lat' dir='ltr'>senatum</span> <span class='ocrx_word' id='word_1_50' title='bbox 569 1104 775 1181; x_wconf 88' lang='lat' dir='ltr'>ordinarium,</span> <span class='ocrx_word' id='word_1_51' title='bbox 792 1105 881 1184; x_wconf 77' lang='lat' dir='ltr'>eujus</span> <span class='ocrx_word' id='word_1_52' title='bbox 891 1123 952 1184; x_wconf 89' lang='lat' dir='ltr'>cpe</span> <span class='ocrx_word' id='word_1_53' title='bbox 962 1110 995 1167; x_wconf 89' lang='lat' dir='ltr'>et</span> <span class='ocrx_word' id='word_1_54' title='bbox 1008 1107 1141 1168; x_wconf 79' lang='lat' dir='ltr'>aemilio</span> 
     </span>
     <span class='ocr_line' id='line_1_10' title="bbox 201 1196 1139 1277; baseline 0 -17"><span class='ocrx_word' id='word_1_55' title='bbox 201 1197 366 1277; x_wconf 87' lang='lat' dir='ltr'>episcopus</span> <span class='ocrx_word' id='word_1_56' title='bbox 394 1196 558 1258; x_wconf 86' lang='lat' dir='ltr'>ecclesiam</span> <span class='ocrx_word' id='word_1_57' title='bbox 584 1197 644 1258; x_wconf 84' lang='lat' dir='ltr'>sibi</span> <span class='ocrx_word' id='word_1_58' title='bbox 671 1197 870 1258; x_wconf 86' lang='lat' dir='ltr'>commissam</span> <span class='ocrx_word' id='word_1_59' title='bbox 891 1197 1139 1260; x_wconf 81' lang='lat' dir='ltr'>administraret.</span> 
     </span>
     <span class='ocr_line' id='line_1_11' title="bbox 202 1289 1141 1368; baseline -0.001 -15"><span class='ocrx_word' id='word_1_60' title='bbox 202 1289 264 1353; x_wconf 87' lang='lat' dir='ltr'>Sed</span> <span class='ocrx_word' id='word_1_61' title='bbox 287 1289 319 1350; x_wconf 92' lang='lat' dir='ltr'>in</span> <span class='ocrx_word' id='word_1_62' title='bbox 336 1289 396 1350; x_wconf 90' lang='lat' dir='ltr'>boo</span> <span class='ocrx_word' id='word_1_63' title='bbox 416 1289 475 1350; x_wconf 88' lang='lat' dir='ltr'>fuit</span> <span class='ocrx_word' id='word_1_64' title='bbox 494 1289 680 1365; x_wconf 83' lang='lat' dir='ltr'>differentia,</span> <span class='ocrx_word' id='word_1_65' title='bbox 697 1289 782 1368; x_wconf 89' lang='lat' dir='ltr'>quod</span> <span class='ocrx_word' id='word_1_66' title='bbox 805 1289 838 1348; x_wconf 92' lang='lat' dir='ltr'>in</span> <span class='ocrx_word' id='word_1_67' title='bbox 859 1289 927 1350; x_wconf 88' lang='lat' dir='ltr'>aliis</span> <span class='ocrx_word' id='word_1_68' title='bbox 947 1289 1141 1352; x_wconf 67' lang='lat' dir='ltr'>dioecesibus</span> 
     </span>
     <span class='ocr_line' id='line_1_12' title="bbox 202 1380 1142 1462; baseline 0.002 -20"><span class='ocrx_word' id='word_1_69' title='bbox 202 1380 325 1462; x_wconf 88' lang='lat' dir='ltr'>(erectis</span> <span class='ocrx_word' id='word_1_70' title='bbox 336 1380 638 1443; x_wconf 84' lang='lat' dir='ltr'>inferioribustitulis</span> <span class='ocrx_word' id='word_1_71' title='bbox 648 1381 771 1459; x_wconf 88' lang='lat' dir='ltr'>illisque</span> <span class='ocrx_word' id='word_1_72' title='bbox 782 1380 902 1442; x_wconf 86' lang='lat' dir='ltr'>clericis</span> <span class='ocrx_word' id='word_1_73' title='bbox 912 1381 1142 1462; x_wconf 84' lang='lat' dir='ltr'>addictis)jura</span> 
     </span>
     <span class='ocr_line' id='line_1_13' title="bbox 201 1473 1142 1553; baseline 0.004 -19"><span class='ocrx_word' id='word_1_74' title='bbox 201 1477 328 1534; x_wconf 88' lang='lat' dir='ltr'>senatus</span> <span class='ocrx_word' id='word_1_75' title='bbox 341 1473 527 1552; x_wconf 84' lang='lat' dir='ltr'>episcopalis</span> <span class='ocrx_word' id='word_1_76' title='bbox 544 1474 672 1553; x_wconf 90' lang='lat' dir='ltr'>propria</span> <span class='ocrx_word' id='word_1_77' title='bbox 686 1473 769 1534; x_wconf 85' lang='lat' dir='ltr'>facta</span> <span class='ocrx_word' id='word_1_78' title='bbox 782 1473 909 1534; x_wconf 88' lang='lat' dir='ltr'>fuerunt</span> <span class='ocrx_word' id='word_1_79' title='bbox 918 1473 1003 1534; x_wconf 87' lang='lat' dir='ltr'>illius</span> <span class='ocrx_word' id='word_1_80' title='bbox 1014 1480 1142 1538; x_wconf 86' lang='lat' dir='ltr'>tantum</span> 
     </span>
     <span class='ocr_line' id='line_1_14' title="bbox 201 1564 1141 1646; baseline 0.002 -18"><span class='ocrx_word' id='word_1_81' title='bbox 201 1564 386 1628; x_wconf 87' lang='lat' dir='ltr'>elericorum</span> <span class='ocrx_word' id='word_1_82' title='bbox 412 1565 536 1646; x_wconf 86' lang='lat' dir='ltr'>collegii</span> <span class='ocrx_word' id='word_1_83' title='bbox 555 1566 640 1646; x_wconf 88' lang='lat' dir='ltr'>qnod</span> <span class='ocrx_word' id='word_1_84' title='bbox 659 1566 775 1628; x_wconf 89' lang='lat' dir='ltr'>mansit</span> <span class='ocrx_word' id='word_1_85' title='bbox 798 1566 938 1628; x_wconf 72' lang='lat' dir='ltr'>ecclesiae</span> <span class='ocrx_word' id='word_1_86' title='bbox 962 1568 1141 1630; x_wconf 82' lang='lat' dir='ltr'>cathedrali</span> 
     </span>
     <span class='ocr_line' id='line_1_15' title="bbox 201 1657 1140 1740; baseline 0.002 -20"><span class='ocrx_word' id='word_1_87' title='bbox 201 1657 362 1721; x_wconf 86' lang='lat' dir='ltr'>addietum</span> <span class='ocrx_word' id='word_1_88' title='bbox 376 1677 383 1720; x_wconf 93' lang='lat'><strong>:</strong></span> <span class='ocrx_word' id='word_1_89' title='bbox 396 1658 503 1720; x_wconf 80' lang='lat' dir='ltr'>caeteri</span> <span class='ocrx_word' id='word_1_90' title='bbox 516 1658 632 1735; x_wconf 88' lang='lat' dir='ltr'>clerici,</span> <span class='ocrx_word' id='word_1_91' title='bbox 646 1677 683 1720; x_wconf 91' lang='lat' dir='ltr'>eo</span> <span class='ocrx_word' id='word_1_92' title='bbox 703 1659 771 1737; x_wconf 89' lang='lat' dir='ltr'>ipso</span> <span class='ocrx_word' id='word_1_93' title='bbox 782 1658 867 1738; x_wconf 91' lang='lat' dir='ltr'>quod</span> <span class='ocrx_word' id='word_1_94' title='bbox 886 1659 926 1719; x_wconf 90' lang='lat' dir='ltr'>ab</span> <span class='ocrx_word' id='word_1_95' title='bbox 940 1659 1037 1740; x_wconf 82' lang='lat' dir='ltr'>hujus</span> <span class='ocrx_word' id='word_1_96' title='bbox 1051 1663 1140 1724; x_wconf 91' lang='lat' dir='ltr'>modi</span> 
     </span>
     <span class='ocr_line' id='line_1_16' title="bbox 201 1749 1138 1832; baseline 0.003 -19"><span class='ocrx_word' id='word_1_97' title='bbox 201 1749 332 1830; x_wconf 86' lang='lat' dir='ltr'>collegio</span> <span class='ocrx_word' id='word_1_98' title='bbox 352 1749 494 1814; x_wconf 86' lang='lat' dir='ltr'>distracti</span> <span class='ocrx_word' id='word_1_99' title='bbox 510 1757 593 1828; x_wconf 79' lang='lat' dir='ltr'>runt,</span> <span class='ocrx_word' id='word_1_100' title='bbox 612 1751 686 1832; x_wconf 86' lang='lat' dir='ltr'>jura</span> <span class='ocrx_word' id='word_1_101' title='bbox 704 1757 831 1812; x_wconf 88' lang='lat' dir='ltr'>senatus</span> <span class='ocrx_word' id='word_1_102' title='bbox 852 1752 1041 1831; x_wconf 87' lang='lat' dir='ltr'>episcopalis</span> <span class='ocrx_word' id='word_1_103' title='bbox 1059 1755 1138 1816; x_wconf 89' lang='lat' dir='ltr'>ami-</span> 
     </span>
     <span class='ocr_line' id='line_1_17' title="bbox 200 1843 1139 1922; baseline 0.001 -16"><span class='ocrx_word' id='word_1_104' title='bbox 200 1849 318 1906; x_wconf 86' lang='lat' dir='ltr'>serunt.</span> <span class='ocrx_word' id='word_1_105' title='bbox 328 1845 434 1906; x_wconf 74' lang='lat' dir='ltr'>Roma</span> <span class='ocrx_word' id='word_1_106' title='bbox 441 1861 522 1906; x_wconf 74' lang='lat' dir='ltr'>uero</span> <span class='ocrx_word' id='word_1_107' title='bbox 533 1843 602 1906; x_wconf 87' lang='lat' dir='ltr'>vice</span> <span class='ocrx_word' id='word_1_108' title='bbox 615 1862 706 1906; x_wconf 87' lang='lat' dir='ltr'>versa</span> <span class='ocrx_word' id='word_1_109' title='bbox 715 1844 846 1922; x_wconf 85' lang='lat' dir='ltr'>contigit</span> <span class='ocrx_word' id='word_1_110' title='bbox 858 1863 864 1904; x_wconf 94' lang='lat'>:</span> <span class='ocrx_word' id='word_1_111' title='bbox 877 1845 992 1906; x_wconf 86' lang='lat' dir='ltr'>erectis</span> <span class='ocrx_word' id='word_1_112' title='bbox 1003 1846 1046 1912; x_wconf 81' lang='lat' dir='ltr'>ab</span> <span class='ocrx_word' id='word_1_113' title='bbox 1061 1849 1139 1909; x_wconf 73' lang='lat' dir='ltr'>anti</span> 
     </span>
    </p>
   </div>
   <div class='ocr_carea' id='block_1_3' title="bbox 201 1936 1256 2023">
    <p class='ocr_par' dir='ltr' id='par_1_4' title="bbox 201 1936 1256 2023">
     <span class='ocr_line' id='line_1_18' title="bbox 201 1936 1256 2023; baseline 0.003 -24"><span class='ocrx_word' id='word_1_114' title='bbox 201 1937 319 2019; x_wconf 82' lang='lat' dir='ltr'>quitata</span> <span class='ocrx_word' id='word_1_115' title='bbox 327 1936 520 1998; x_wconf 87' lang='lat' dir='ltr'>secundariis</span> <span class='ocrx_word' id='word_1_116' title='bbox 530 1936 639 2013; x_wconf 91' lang='lat' dir='ltr'>titulis,</span> <span class='ocrx_word' id='word_1_117' title='bbox 649 1936 762 2016; x_wconf 86' lang='lat' dir='ltr'>quibus</span> <span class='ocrx_word' id='word_1_118' title='bbox 772 1936 1138 2018; x_wconf 73' lang='lat' dir='ltr'>incardinatisuntprea</span> <span class='ocrx_word' id='word_1_119' title='bbox 1255 2003 1256 2023; x_wconf 16' lang='grc' dir='ltr'>ζ</span> 
     </span>
    </p>
   </div>
   <div class='ocr_carea' id='block_1_4' title="bbox 200 2029 1176 2576">
    <p class='ocr_par' dir='ltr' id='par_1_5' title="bbox 200 2029 1176 2576">
     <span class='ocr_line' id='line_1_19' title="bbox 200 2029 1138 2110; baseline 0 -16"><span class='ocrx_word' id='word_1_120' title='bbox 200 2031 304 2110; x_wconf 87' lang='lat' dir='ltr'>byteri</span> <span class='ocrx_word' id='word_1_121' title='bbox 324 2047 362 2092; x_wconf 87' lang='lat' dir='ltr'>ae</span> <span class='ocrx_word' id='word_1_122' title='bbox 383 2029 518 2107; x_wconf 89' lang='lat' dir='ltr'>diaconi,</span> <span class='ocrx_word' id='word_1_123' title='bbox 546 2029 713 2108; x_wconf 80' lang='lat' dir='ltr'>collegium</span> <span class='ocrx_word' id='word_1_124' title='bbox 735 2029 849 2091; x_wconf 84' lang='lat' dir='ltr'>horum</span> <span class='ocrx_word' id='word_1_125' title='bbox 878 2030 1138 2108; x_wconf 81' lang='lat' dir='ltr'>presbyterorum</span> 
     </span>
     <span class='ocr_line' id='line_1_20' title="bbox 201 2120 1137 2204; baseline -0.001 -16"><span class='ocrx_word' id='word_1_126' title='bbox 201 2123 467 2204; x_wconf 84' lang='lat' dir='ltr'>diacormrumque</span> <span class='ocrx_word' id='word_1_127' title='bbox 482 2122 688 2185; x_wconf 73' lang='lat' dir='ltr'>cardinalium</span> <span class='ocrx_word' id='word_1_128' title='bbox 701 2120 859 2200; x_wconf 88' lang='lat' dir='ltr'>primitivo</span> <span class='ocrx_word' id='word_1_129' title='bbox 874 2121 919 2182; x_wconf 91' lang='lat' dir='ltr'>illi</span> <span class='ocrx_word' id='word_1_130' title='bbox 938 2123 1137 2202; x_wconf 87' lang='lat' dir='ltr'>presbyterio</span> 
     </span>
     <span class='ocr_line' id='line_1_21' title="bbox 200 2214 1138 2295; baseline 0.001 -16"><span class='ocrx_word' id='word_1_131' title='bbox 200 2217 361 2295; x_wconf 80' lang='lat' dir='ltr'>successit,</span> <span class='ocrx_word' id='word_1_132' title='bbox 378 2217 419 2279; x_wconf 93' lang='lat' dir='ltr'>ad</span> <span class='ocrx_word' id='word_1_133' title='bbox 431 2216 641 2278; x_wconf 80' lang='lat' dir='ltr'>exclusionem</span> <span class='ocrx_word' id='word_1_134' title='bbox 652 2214 777 2276; x_wconf 90' lang='lat' dir='ltr'>illorum</span> <span class='ocrx_word' id='word_1_135' title='bbox 789 2215 842 2294; x_wconf 87' lang='lat' dir='ltr'>qui</span> <span class='ocrx_word' id='word_1_136' title='bbox 861 2214 980 2278; x_wconf 89' lang='lat' dir='ltr'>addicti</span> <span class='ocrx_word' id='word_1_137' title='bbox 997 2217 1138 2280; x_wconf 79' lang='lat' dir='ltr'>ecelesiae</span> 
     </span>
     <span class='ocr_line' id='line_1_22' title="bbox 201 2306 1138 2387; baseline -0.001 -16"><span class='ocrx_word' id='word_1_138' title='bbox 201 2309 375 2381; x_wconf 80' lang='lat' dir='ltr'>cathedrali</span> <span class='ocrx_word' id='word_1_139' title='bbox 388 2313 617 2370; x_wconf 88' lang='lat' dir='ltr'>remanserunt.</span> <span class='ocrx_word' id='word_1_140' title='bbox 638 2306 744 2368; x_wconf 86' lang='lat' dir='ltr'>Habiti</span> <span class='ocrx_word' id='word_1_141' title='bbox 764 2313 837 2368; x_wconf 87' lang='lat' dir='ltr'>suut</span> <span class='ocrx_word' id='word_1_142' title='bbox 856 2310 1011 2387; x_wconf 84' lang='lat' dir='ltr'>tanquam</span> <span class='ocrx_word' id='word_1_143' title='bbox 1033 2329 1138 2374; x_wconf 89' lang='lat' dir='ltr'>roma-</span> 
     </span>
     <span class='ocr_line' id='line_1_23' title="bbox 201 2399 1138 2479; baseline 0.003 -18"><span class='ocrx_word' id='word_1_144' title='bbox 201 2417 314 2462; x_wconf 90' lang='lat' dir='ltr'>norum</span> <span class='ocrx_word' id='word_1_145' title='bbox 335 2400 519 2462; x_wconf 88' lang='lat' dir='ltr'>clericorum</span> <span class='ocrx_word' id='word_1_146' title='bbox 545 2400 713 2478; x_wconf 82' lang='lat' dir='ltr'>principes,</span> <span class='ocrx_word' id='word_1_147' title='bbox 735 2399 850 2478; x_wconf 90' lang='lat' dir='ltr'>quippe</span> <span class='ocrx_word' id='word_1_148' title='bbox 869 2401 924 2479; x_wconf 89' lang='lat' dir='ltr'>qui</span> <span class='ocrx_word' id='word_1_149' title='bbox 941 2402 1138 2478; x_wconf 85' lang='lat' dir='ltr'>primitivum</span> 
     </span>
     <span class='ocr_line' id='line_1_24' title="bbox 200 2490 1176 2576; baseline 0 -22"><span class='ocrx_word' id='word_1_150' title='bbox 200 2490 278 2554; x_wconf 93' lang='lat' dir='ltr'>illud</span> <span class='ocrx_word' id='word_1_151' title='bbox 297 2493 559 2571; x_wconf 80' lang='lat' dir='ltr'>repraesentarent</span> <span class='ocrx_word' id='word_1_152' title='bbox 573 2491 815 2572; x_wconf 77' lang='lat' dir='ltr'>presbyterium,</span> <span class='ocrx_word' id='word_1_153' title='bbox 839 2491 924 2571; x_wconf 88' lang='lat' dir='ltr'>quod</span> <span class='ocrx_word' id='word_1_154' title='bbox 942 2494 983 2557; x_wconf 85' lang='lat' dir='ltr'>ab</span> <span class='ocrx_word' id='word_1_155' title='bbox 1003 2495 1137 2576; x_wconf 85' lang='lat' dir='ltr'>antiqui·</span> <span class='ocrx_word' id='word_1_156' title='bbox 1174 2497 1176 2500; x_wconf 82' lang='grc'><strong>’</strong></span> 
     </span>
    </p>
   </div>
   <div class='ocr_carea' id='block_1_5' title="bbox 201 2583 1253 2663">
    <p class='ocr_par' dir='ltr' id='par_1_6' title="bbox 201 2583 1253 2663">
     <span class='ocr_line' id='line_1_25' title="bbox 201 2583 1253 2663; baseline -0.009 -12"><span class='ocrx_word' id='word_1_157' title='bbox 201 2589 264 2650; x_wconf 89' lang='lat' dir='ltr'>tute</span> <span class='ocrx_word' id='word_1_158' title='bbox 276 2603 338 2648; x_wconf 93' lang='lat' dir='ltr'>non</span> <span class='ocrx_word' id='word_1_159' title='bbox 357 2584 412 2646; x_wconf 91' lang='lat' dir='ltr'>uni</span> <span class='ocrx_word' id='word_1_160' title='bbox 426 2584 599 2646; x_wconf 87' lang='lat' dir='ltr'>cathedrali</span> <span class='ocrx_word' id='word_1_161' title='bbox 607 2583 759 2663; x_wconf 86' lang='lat' dir='ltr'>ecclesiae,</span> <span class='ocrx_word' id='word_1_162' title='bbox 771 2584 827 2646; x_wconf 87' lang='lat' dir='ltr'>sed</span> <span class='ocrx_word' id='word_1_163' title='bbox 837 2585 932 2646; x_wconf 82' lang='lat' dir='ltr'>etiam</span> <span class='ocrx_word' id='word_1_164' title='bbox 941 2587 1137 2654; x_wconf 83' lang='lat' dir='ltr'>secundariis</span> <span class='ocrx_word' id='word_1_165' title='bbox 1252 2609 1253 2612; x_wconf 37' lang='lat'>¹</span> 
     </span>
    </p>
   </div>
   <div class='ocr_carea' id='block_1_6' title="bbox 200 2677 598 2742">
    <p class='ocr_par' dir='ltr' id='par_1_7' title="bbox 200 2677 598 2742">
     <span class='ocr_line' id='line_1_26' title="bbox 200 2677 598 2742; baseline -0.008 -1"><span class='ocrx_word' id='word_1_166' title='bbox 200 2680 298 2742; x_wconf 88' lang='lat' dir='ltr'>titulis</span> <span class='ocrx_word' id='word_1_167' title='bbox 310 2679 415 2740; x_wconf 89' lang='lat' dir='ltr'>fuerat</span> <span class='ocrx_word' id='word_1_168' title='bbox 427 2677 598 2740; x_wconf 87' lang='lat' dir='ltr'>addictum.</span> 
     </span>
    </p>
   </div>
   <div class='ocr_carea' id='block_1_7' title="bbox 241 2769 1136 2850">
    <p class='ocr_par' dir='ltr' id='par_1_8' title="bbox 241 2769 1252 2850">
     <span class='ocr_line' id='line_1_27' title="bbox 241 2769 1136 2850; baseline 0.002 -18"><span class='ocrx_word' id='word_1_169' title='bbox 241 2771 411 2832; x_wconf 84' lang='lat' dir='ltr'>Constabat</span> <span class='ocrx_word' id='word_1_170' title='bbox 422 2770 482 2832; x_wconf 91' lang='lat' dir='ltr'>boc</span> <span class='ocrx_word' id='word_1_171' title='bbox 496 2769 663 2848; x_wconf 82' lang='lat' dir='ltr'>collegium</span> <span class='ocrx_word' id='word_1_172' title='bbox 678 2769 709 2831; x_wconf 88' lang='lat' dir='ltr'>S.</span> <span class='ocrx_word' id='word_1_173' title='bbox 726 2771 763 2832; x_wconf 84' lang='lat' dir='ltr'>R.</span> <span class='ocrx_word' id='word_1_174' title='bbox 780 2769 815 2832; x_wconf 76' lang='lat' dir='ltr'>E.</span> <span class='ocrx_word' id='word_1_175' title='bbox 830 2769 1038 2832; x_wconf 89' lang='lat' dir='ltr'>cardinalium</span> <span class='ocrx_word' id='word_1_176' title='bbox 1052 2790 1136 2850; x_wconf 78' lang='lat' dir='ltr'>praa</span> 
     </span>
    </p>
   </div>
   <div class='ocr_carea' id='block_1_8' title="bbox 200 2861 1137 3130">
    <p class='ocr_par' dir='ltr' id='par_1_9' title="bbox 200 2861 1137 3130">
     <span class='ocr_line' id='line_1_28' title="bbox 200 2861 1137 2942; baseline 0.001 -17"><span class='ocrx_word' id='word_1_177' title='bbox 200 2863 319 2942; x_wconf 89' lang='lat' dir='ltr'>byteris</span> <span class='ocrx_word' id='word_1_178' title='bbox 333 2865 365 2924; x_wconf 92' lang='lat' dir='ltr'>et</span> <span class='ocrx_word' id='word_1_179' title='bbox 379 2863 518 2924; x_wconf 89' lang='lat' dir='ltr'>diaconis</span> <span class='ocrx_word' id='word_1_180' title='bbox 527 2861 755 2924; x_wconf 87' lang='lat' dir='ltr'>tantummodo.</span> <span class='ocrx_word' id='word_1_181' title='bbox 768 2864 875 2924; x_wconf 78' lang='lat' dir='ltr'>Roma</span> <span class='ocrx_word' id='word_1_182' title='bbox 892 2862 988 2940; x_wconf 89' lang='lat' dir='ltr'>enim,</span> <span class='ocrx_word' id='word_1_183' title='bbox 1010 2865 1092 2926; x_wconf 85' lang='lat' dir='ltr'>sicut</span> <span class='ocrx_word' id='word_1_184' title='bbox 1105 2870 1137 2926; x_wconf 86' lang='lat' dir='ltr'>et</span> 
     </span>
     <span class='ocr_line' id='line_1_29' title="bbox 201 2954 1136 3036; baseline 0.001 -19"><span class='ocrx_word' id='word_1_185' title='bbox 201 2957 233 3017; x_wconf 92' lang='lat' dir='ltr'>in</span> <span class='ocrx_word' id='word_1_186' title='bbox 244 2955 365 3016; x_wconf 83' lang='lat' dir='ltr'>caeteris</span> <span class='ocrx_word' id='word_1_187' title='bbox 380 2955 645 3033; x_wconf 86' lang='lat' dir='ltr'>dioecesibus‚non</span> <span class='ocrx_word' id='word_1_188' title='bbox 658 2959 726 3016; x_wconf 88' lang='lat' dir='ltr'>erat</span> <span class='ocrx_word' id='word_1_189' title='bbox 735 2954 794 3016; x_wconf 89' lang='lat' dir='ltr'>nisi</span> <span class='ocrx_word' id='word_1_190' title='bbox 806 2973 887 3016; x_wconf 88' lang='lat' dir='ltr'>unus</span> <span class='ocrx_word' id='word_1_191' title='bbox 899 2956 1007 3018; x_wconf 85' lang='lat' dir='ltr'>titulus</span> <span class='ocrx_word' id='word_1_192' title='bbox 1018 2957 1136 3036; x_wconf 79' lang='lat' dir='ltr'>episco</span> 
     </span>
     <span class='ocr_line' id='line_1_30' title="bbox 200 3046 1136 3130; baseline 0 -20"><span class='ocrx_word' id='word_1_193' title='bbox 200 3048 291 3130; x_wconf 91' lang='lat' dir='ltr'>palis,</span> <span class='ocrx_word' id='word_1_194' title='bbox 303 3081 343 3094; x_wconf 89' lang='lat'>—-</span> <span class='ocrx_word' id='word_1_195' title='bbox 355 3067 468 3127; x_wconf 91' lang='lat' dir='ltr'>nempe</span> <span class='ocrx_word' id='word_1_196' title='bbox 483 3048 614 3109; x_wconf 86' lang='lat' dir='ltr'>ecclesia</span> <span class='ocrx_word' id='word_1_197' title='bbox 625 3046 823 3124; x_wconf 80' lang='lat' dir='ltr'>cathedralia,</span> <span class='ocrx_word' id='word_1_198' title='bbox 839 3047 944 3108; x_wconf 88' lang='lat' dir='ltr'>-oui</span> <span class='ocrx_word' id='word_1_199' title='bbox 956 3049 1136 3110; x_wconf 86' lang='lat' dir='ltr'>incardina-</span> 
     </span>
    </p>
   </div>
   <div class='ocr_carea' id='block_1_9' title="bbox 200 3139 1250 3220">
    <p class='ocr_par' dir='ltr' id='par_1_10' title="bbox 200 3139 1250 3220">
     <span class='ocr_line' id='line_1_31' title="bbox 200 3139 1250 3220; baseline -0.003 -15"><span class='ocrx_word' id='word_1_200' title='bbox 200 3143 294 3205; x_wconf 87' lang='lat' dir='ltr'>batur</span> <span class='ocrx_word' id='word_1_201' title='bbox 308 3160 363 3202; x_wconf 90' lang='lat' dir='ltr'>seu</span> <span class='ocrx_word' id='word_1_202' title='bbox 380 3146 531 3220; x_wconf 88' lang='lat' dir='ltr'>perpetuo</span> <span class='ocrx_word' id='word_1_203' title='bbox 551 3140 755 3202; x_wconf 85' lang='lat' dir='ltr'>addicebetur</span> <span class='ocrx_word' id='word_1_204' title='bbox 773 3139 948 3218; x_wconf 89' lang='lat' dir='ltr'>episcopus.</span> <span class='ocrx_word' id='word_1_205' title='bbox 963 3142 1136 3220; x_wconf 87' lang='lat' dir='ltr'>Propterea</span> <span class='ocrx_word' id='word_1_206' title='bbox 1249 3145 1250 3150; x_wconf 76' lang='grc'>’</span> 
     </span>
    </p>
   </div>
   <div class='ocr_carea' id='block_1_10' title="bbox 201 3231 1134 3500">
    <p class='ocr_par' dir='ltr' id='par_1_11' title="bbox 201 3231 1134 3500">
     <span class='ocr_line' id='line_1_32' title="bbox 202 3231 1045 3314; baseline -0.001 -18"><span class='ocrx_word' id='word_1_207' title='bbox 202 3236 366 3314; x_wconf 86' lang='lat' dir='ltr'>episcopus</span> <span class='ocrx_word' id='word_1_208' title='bbox 378 3251 517 3296; x_wconf 75' lang='lat' dir='ltr'>romanae</span> <span class='ocrx_word' id='word_1_209' title='bbox 531 3231 677 3294; x_wconf 77' lang='lat' dir='ltr'>Ecclesia</span> <span class='ocrx_word' id='word_1_210' title='bbox 691 3231 857 3292; x_wconf 87' lang='lat' dir='ltr'>cardinalis</span> <span class='ocrx_word' id='word_1_211' title='bbox 870 3239 938 3294; x_wconf 87' lang='lat' dir='ltr'>erat</span> <span class='ocrx_word' id='word_1_212' title='bbox 951 3251 1045 3313; x_wconf 88' lang='lat' dir='ltr'>papa.</span> 
     </span>
     <span class='ocr_line' id='line_1_33' title="bbox 242 3325 1134 3405; baseline -0.004 -15"><span class='ocrx_word' id='word_1_213' title='bbox 242 3329 305 3391; x_wconf 90' lang='lat' dir='ltr'>Sed</span> <span class='ocrx_word' id='word_1_214' title='bbox 325 3331 427 3389; x_wconf 83' lang='lat' dir='ltr'>tractu</span> <span class='ocrx_word' id='word_1_215' title='bbox 452 3326 613 3405; x_wconf 89' lang='lat' dir='ltr'>temporis,</span> <span class='ocrx_word' id='word_1_216' title='bbox 638 3325 749 3386; x_wconf 87' lang='lat' dir='ltr'>saltem</span> <span class='ocrx_word' id='word_1_217' title='bbox 769 3343 788 3386; x_wconf 89' lang='lat' dir='ltr'>a</span> <span class='ocrx_word' id='word_1_218' title='bbox 810 3325 916 3387; x_wconf 85' lang='lat' dir='ltr'>seculo</span> <span class='ocrx_word' id='word_1_219' title='bbox 931 3327 988 3402; x_wconf 88' lang='lat' dir='ltr'>XI,</span> <span class='ocrx_word' id='word_1_220' title='bbox 1005 3326 1134 3405; x_wconf 88' lang='lat' dir='ltr'>quidam</span> 
     </span>
     <span class='ocr_line' id='line_1_34' title="bbox 201 3417 1133 3500; baseline -0.002 -18"><span class='ocrx_word' id='word_1_221' title='bbox 201 3421 341 3499; x_wconf 90' lang='lat' dir='ltr'>episcopi</span> <span class='ocrx_word' id='word_1_222' title='bbox 354 3421 386 3481; x_wconf 94' lang='lat' dir='ltr'>in</span> <span class='ocrx_word' id='word_1_223' title='bbox 401 3418 580 3500; x_wconf 88' lang='lat' dir='ltr'>hujusmodi</span> <span class='ocrx_word' id='word_1_224' title='bbox 598 3417 764 3496; x_wconf 80' lang='lat' dir='ltr'>collegium</span> <span class='ocrx_word' id='word_1_225' title='bbox 776 3417 895 3496; x_wconf 85' lang='lat' dir='ltr'>recepti</span> <span class='ocrx_word' id='word_1_226' title='bbox 907 3423 991 3495; x_wconf 85' lang='lat' dir='ltr'>aunt,</span> <span class='ocrx_word' id='word_1_227' title='bbox 1012 3425 1133 3499; x_wconf 88' lang='lat' dir='ltr'>septem</span> 
     </span>
    </p>
   </div>
   <div class='ocr_carea' id='block_1_11' title="bbox 201 3509 1248 3589">
    <p class='ocr_par' dir='ltr' id='par_1_12' title="bbox 201 3509 1248 3589">
     <span class='ocr_line' id='line_1_35' title="bbox 201 3509 1248 3589; baseline 0.004 -21"><span class='ocrx_word' id='word_1_228' title='bbox 201 3528 314 3588; x_wconf 86' lang='lat' dir='ltr'>nempe</span> <span class='ocrx_word' id='word_1_229' title='bbox 330 3511 468 3589; x_wconf 87' lang='lat' dir='ltr'>episcopi</span> <span class='ocrx_word' id='word_1_230' title='bbox 485 3527 623 3572; x_wconf 84' lang='lat' dir='ltr'>romanae</span> <span class='ocrx_word' id='word_1_231' title='bbox 642 3509 786 3572; x_wconf 85' lang='lat' dir='ltr'>dioecesis</span> <span class='ocrx_word' id='word_1_232' title='bbox 803 3509 952 3572; x_wconf 85' lang='lat' dir='ltr'>finitimi:</span> <span class='ocrx_word' id='word_1_233' title='bbox 969 3511 1131 3588; x_wconf 67' lang='grc' dir='ltr'>Οιιίειιεὶε,</span> <span class='ocrx_word' id='word_1_234' title='bbox 1247 3513 1248 3560; x_wconf 72' lang='grc' dir='ltr'>ἐ</span> 
     </span>
    </p>
   </div>
   <div class='ocr_carea' id='block_1_12' title="bbox 0 0 1276 4122">
    <p class='ocr_par' dir='ltr' id='par_1_13' title="bbox 0 0 1276 4122">
     <span class='ocr_line' id='line_1_36' title="bbox 0 0 1276 4122; baseline 0 0"><span class='ocrx_word' id='word_1_235' title='bbox 0 0 1276 4122; x_wconf 95' lang='lat' dir='ltr'> </span> 
     </span>
    </p>
   </div>
  </div>
 </body>
</html>
