2502 4130
230 383 289 454 290
440 401 774 450 rusr1rur1orssrmus
797 399 953 446 caucium.

230 576 400 637 minantur.
414 576 469 636 Est
479 573 563 634 enim
576 571 683 652 populi
696 571 835 633 officium
849 573 885 632 ut
893 571 1112 650 potestatibus
1125 590 1174 632 su-

230 669 425 733 blimioribus
447 667 591 728 subditus
604 667 658 740 sit;
675 667 724 727 est
745 683 820 726 vero
834 663 941 745 populi
953 663 1008 744 jus
1019 667 1058 724 ut
1076 683 1097 725 a
1114 665 1174 724 suis

230 762 467 842 magistratibus
488 759 619 840 provide
637 762 669 820 et
689 762 774 820 recte
796 759 1003 837 gubernetur.
1030 759 1176 818 Praesunt

230 862 336 919 autem
348 855 451 918 clerici
460 859 528 915 tum
541 853 660 915 ordinis
668 851 852 930 ministeriu,
862 855 931 912 tum
939 850 1175 930 jurisdictionis

230 949 379 1029 imperio;
397 965 471 1028 ergo
486 947 639 1008 laicorum
647 945 700 1026 jus
715 945 807 1006 estin
833 943 975 1006 Ecclesia
987 947 1027 1004 ut
1039 944 1111 1005 sive
1129 963 1175 1005 sa-

230 1045 465 1104 cramentorum
480 1039 654 1100 ministerio
677 1037 922 1114 sanctificentur,
946 1036 1015 1096 sive
1028 1036 1174 1118 jurisdic-

229 1135 324 1198 tionis
335 1134 467 1214 imperio
484 1133 712 1213 gubernentur.

271 1228 334 1291 Sed
349 1225 617 1308 quemadmodum
630 1225 714 1286 intra
737 1224 886 1286 eumdem
900 1226 1023 1285 statum
1049 1226 1175 1287 clerica·

229 1323 293 1383 lem
307 1321 387 1382 varii
401 1324 474 1382 sunt
495 1318 682 1380 elericorum
702 1318 830 1398 gradus,
847 1315 892 1378 ita
912 1321 943 1378 et
954 1317 1045 1380 intra
1057 1323 1175 1381 statum

229 1414 376 1476 laicalem
389 1413 467 1474 varii
481 1415 554 1474 sunt
565 1411 719 1472 laicorum
731 1411 875 1485 ordines3
891 1414 922 1472 et
934 1411 1031 1473 sicuti
1048 1413 1175 1474 clerieo-

221 1517 301 1568 ‘rum
310 1509 378 1568 tum
386 1505 597 1585 singulariter,
610 1509 677 1566 tum
686 1504 889 1583 collegialiter
901 1508 1122 1584 sumptorum,
1132 1506 1172 1567 ita

230 1599 424 1663 etlaicorum
435 1602 534 1660 status
549 1597 776 1659 consideratur.
794 1597 910 1658 Ordine
920 1597 1023 1678 igitur
1038 1600 1170 1680 analcgo

231 1693 315 1753 hunc
338 1692 464 1754 titulum
487 1692 519 1751 in
537 1691 600 1752 duo
616 1690 720 1770 capita
741 1690 928 1769 dividemus
956 1710 1100 1771 quorum
1114 1693 1170 1772 pri-

229 1803 317 1845 mum
330 1784 369 1845 de
389 1784 514 1864 juribus
533 1804 603 1865 quae
624 1784 713 1846 laicis
728 1783 910 1864 singillatim
932 1787 1073 1866 sumptis
1089 1805 1169 1848 com-

230 1879 351 1957 petunt,
379 1878 514 1940 alterum
534 1879 573 1940 de
595 1878 689 1941 variis
714 1878 864 1940 classibus
889 1878 1056 1940 laicalium
1079 1880 1169 1942 colle-

231 1989 367 2053 giorum.

570 2103 674 2158 CAPUT
691 2103 826 2159 PRIMUM.

263 2247 299 2287 ΠΒ
321 2247 436 2288 JURIBUS
453 2246 515 2292 QUAE
531 2247 620 2286 Larcls
636 2247 812 2287 SlNGlLLA'l'IM
829 2249 943 2288 SUMPTIS
961 2249 1139 2291 comparum.

271 2365 303 2426 Si
314 2364 390 2444 jura
403 2367 435 2426 et
453 2363 557 2425 officia
571 2363 763 2442 pensitamus
774 2384 843 2445 quae
857 2366 960 2428 laicali
976 2371 1167 2432 conveniunt

233 2456 340 2534 coetui,
357 2475 395 2517 ea
408 2456 554 2518 videntur
569 2458 610 2518 ad
624 2459 686 2519 duc
708 2459 868 2538 generalia
891 2460 998 2539 capita
1026 2462 1165 2524 revocari

233 2567 347 2630 posse:
369 2549 401 2610 in
420 2549 524 2612 laicali
547 2554 631 2612 statu
652 2555 725 2612 sunt
746 2552 926 2614 communia
946 2558 979 2615 et
992 2557 1163 2634 generalia,

232 2643 345 2705 deinde
372 2643 520 2724 specialia
541 2648 572 2705 et
596 2645 778 2724 singularia.
799 2647 888 2708 Unde
902 2646 971 2707 haec
986 2649 1095 2728 prima
1109 2651 1165 2710 dis·
1242 2675 1243 2707 l

232 2737 372 2815 sertatio,
394 2756 456 2818 qua
469 2737 673 2817 inquirendos
687 2740 908 2818 proposuimus
927 2741 1074 2804 diversos
1089 2743 1164 2804 ordi·
1241 2819 1242 2822 Ἴ

232 2847 288 2888 nes
300 2830 453 2891 laicorum
468 2831 648 2910 singillatim
659 2836 866 2911 sumptorum,
881 2833 913 2893 in
925 2835 1006 2896 duos
1018 2837 1164 2898 dividitur

232 2921 380 3004 articulos
401 2944 408 2984 :
425 2923 577 3003 inprimi,
603 2943 734 3004 agemus
755 2927 794 2986 de
817 2927 1073 2990 distinctionibus
1088 2930 1164 2990 inter
1240 2941 1241 2960 i

232 3015 329 3076 laicos
345 3035 415 3096 quae
430 3017 574 3079 oriuntur
590 3037 628 3078 ex
649 3017 773 3098 juribus
794 3019 895 3082 laicali
922 3022 1018 3082 statui
1035 3023 1069 3082 in
1084 3040 1165 3084 com-

232 3109 320 3171 muni
336 3111 599 3189 competentibus3
617 3111 649 3171 in
664 3114 840 3191 posteriori,
859 3114 897 3175 de
913 3115 1164 3177 distinctionibus

233 3205 386 3266 laieorum
400 3223 470 3284 quae
486 3204 629 3266 oriuntur
644 3223 681 3266 ex
690 3206 814 3287 juribus
826 3227 896 3287 quae
910 3213 1098 3288 competunt
1109 3209 1165 3271 sin·

234 3297 316 3378 gulis
330 3297 428 3361 laicis.
