2542 4122
340 320 380 384 nn
401 329 530 386 omnero
549 332 632 405 lours
654 331 810 386 cademot.
984 327 1041 388 all

108 497 314 574 niomium,
330 495 492 559 moraliter
505 495 675 577 loquendo,
692 497 906 558 membrorum
922 496 1043 577 colleffl'i

107 589 258 650 voluntas
270 589 302 648 in
312 607 409 649 unam
422 589 530 649 veniat
543 588 813 665 deliberationem,
825 588 857 648 in
868 605 964 649 unam
972 607 1044 650 eon-

108 681 220 742 veniat
233 683 438 758 voluntatem,
462 699 532 760 quse
544 700 618 741 vere
634 687 666 742 et
680 682 805 760 proprie
829 681 974 742 voluntas
997 688 1046 743 to-

110 773 175 834 tius
198 773 321 852 collegii
343 791 399 833 seu
422 773 519 850 ipsius
542 791 685 852 personae
704 774 832 834 moralis
852 773 914 834 diei
933 775 1042 852 possit.

110 868 217 938 Quum
232 869 338 926 antem
348 865 416 925 haec
430 865 562 944 collegia
574 883 636 926 non
648 865 711 926 sint
726 866 868 926 instituta
883 881 1042 945 ακιφαλα,

110 958 170 1018 sed
193 958 332 1019 habeant
352 975 443 1017 suum
469 961 563 1034 eaput
580 957 665 1036 quod
680 958 812 1036 collegio
827 966 953 1037 praeest,
976 961 1044 1021 haec

110 1051 219 1110 unitas
239 1050 449 1125 voluntatum,
466 1048 660 1109 cohaerenter
679 1049 720 1109 ad
735 1049 817 1110 hanc
841 1051 1046 1130 collegiorum

111 1143 261 1218 formam,
283 1141 443 1202 obtinetur
456 1159 514 1219 per
534 1141 798 1220 conspirationem
820 1161 876 1202 seu
890 1143 1046 1205 fusionem

112 1235 254 1296 omnium
280 1235 476 1295 voluntatum
499 1233 531 1292 in
554 1234 715 1296 voluntate
734 1233 816 1295 illius
839 1235 892 1313 qui
913 1237 1045 1316 collegio

110 1326 272 1406 praeeidet.

153 1421 221 1480 Hoc
233 1423 338 1481 autem
351 1419 517 1498 dupliciter
528 1419 682 1480 verificari
697 1423 811 1498 potest,
822 1419 983 1482 videlicet:
996 1421 1046 1482 vel

110 1511 316 1572 habitualiter
330 1519 361 1572 et
380 1513 550 1590 ordinario,
567 1513 617 1574 vel
631 1519 719 1573 extra
733 1513 876 1573 ordinem
895 1517 927 1574 et
941 1518 1045 1576 actua·

109 1605 194 1665 liter.
208 1602 412 1664 Habituoliter
424 1611 453 1664 et
466 1603 616 1665 ordinario
631 1609 774 1665 servatur
780 1603 848 1666 haec
861 1607 1040 1684 concordia,

29 1697 32 1700 ’
110 1697 181 1758 haeo
195 1696 298 1756 unitas
311 1696 506 1757 voluntatum
516 1715 573 1774 per
586 1696 812 1776 subjectionem
824 1699 1041 1778 quamsinguli

110 1791 156 1850 de.
165 1787 296 1866 collegio
307 1788 425 1850 bahent
435 1793 466 1850 et
478 1796 604 1851 servant
616 1807 692 1869 erga
702 1793 798 1868 caput
806 1790 856 1850 vel
868 1790 1041 1869 prinoipem

109 1901 221 1958 suum,
247 1872 325 1942 adeo
349 1887 394 1958 ut,
416 1881 489 1943 licet
511 1882 646 1944 invicem
667 1881 956 1962 discretissingulis
977 1884 1041 1944 suis

110 1975 323 2054 peculiaribus
348 1973 533 2036 incumbant
546 1974 671 2051 officiis,
691 1978 796 2034 tamen
819 1974 858 2035 ob
882 1975 1041 2035 vinculum

110 2066 314 2148 subjectionis
329 2085 390 2146 quo
408 2066 440 2127 id
457 2072 556 2146 agunt
575 2067 633 2128 sub
648 2065 796 2145 principis
811 2066 979 2126 voluntatis
997 2067 1042 2125 in-

109 2161 209 2236 fluxu,
227 2159 367 2220 omnium
380 2177 443 2218 una
455 2159 495 2220 sit
508 2159 653 2220 voluntas
668 2175 724 2236 pro
738 2157 822 2219 bono
839 2157 945 2218 totius.

152 2250 339 2328 Itaproinde
348 2251 497 2328 episcopi,
505 2250 579 2310 licet
587 2249 702 2328 singuli
711 2249 774 2310 suis
784 2248 972 2310 dioeoesibus
982 2250 1043 2311 dis·

110 2345 197 2423 persi
214 2343 387 2420 intendant,
396 2347 502 2404 tamen
515 2343 547 2403 in
558 2346 710 2422 quantum
722 2342 938 2421 dependenter
951 2361 970 2406 a
984 2346 1043 2405 Ro·

109 2454 207 2518 mano
231 2435 395 2512 Pontifioe,
424 2440 547 2498 servato
568 2454 681 2514 nempe
699 2435 809 2496 ordine
831 2454 903 2496 oum
917 2441 1042 2516 pastore

110 2529 265 2608 principe,
282 2529 486 2590 moderantur
495 2531 617 2607 partem
627 2528 888 2605 totinsEoolesiae‚
904 2531 1043 2590 omnium
1094 2587 1096 2591 ,

112 2639 177 2682 una
192 2627 239 2681 est
252 2621 396 2682 voluntas
410 2639 466 2700 pro
481 2621 564 2682 bono
582 2621 678 2682 totius
692 2621 850 2696 Ecclesiae,
870 2639 1041 2701 omnesque

112 2715 219 2793 aliquo
246 2733 339 2774 sensu
361 2713 541 2774 nniversam
561 2714 739 2794 gubernant
755 2713 939 2774 Ecclesiam.
952 2714 1042 2776 Unde

113 2807 220 2868 aiebat
229 2807 419 2885 Cyprianus:
431 2810 518 2869 Unus
526 2812 572 2868 est
582 2807 780 2885 episcopatus
786 2805 875 2887 eujus
883 2825 903 2868 a
912 2807 1043 2888 singulis

110 2902 145 2961 in
160 2901 294 2961 solidum
304 2919 376 2977 pars
389 2903 523 2960 tenetur.
537 2899 627 2961 Unde
642 2917 712 2959 cum
735 2899 848 2978 singuli
864 2901 1041 2979 gubernent

112 2996 247 3072 partem,
260 3011 379 3069 omnes,
388 2997 517 3070 propter
528 2991 681 3054 unitatem
693 2992 851 3070 Ecclesiae,
864 2993 896 3053 in
909 2995 1043 3057 solidum

112 3086 292 3165 gubernant
305 3089 416 3146 totum.

153 3181 200 3239 lta
214 3181 245 3238 et
257 3179 359 3238 clerus
375 3178 582 3254 dioecesanus
595 3177 669 3239 licet
681 3197 739 3258 per
750 3179 911 3242 dioecesim
926 3179 1043 3256 disper-

111 3291 166 3332 sus
194 3271 404 3349 peculiaribus
434 3271 596 3332 incumbat
626 3272 755 3350 officiis,
783 3275 889 3334 tamen
915 3275 1044 3350 propter·

112 3383 210 3425 unam
237 3364 376 3442 episcopi
400 3365 608 3442 voluntatem,
634 3383 704 3444 quae
730 3367 761 3426 in
789 3382 896 3427 omnes
920 3362 1042 3440 influit,

111 3475 223 3520 omnes
245 3461 398 3536 tanquam
419 3477 518 3519 unum
533 3477 647 3536 corpus
673 3477 745 3520 eum
760 3459 906 3537 episeopo
922 3455 1044 3516 univer-

111 3568 180 3615 aem
193 3549 226 3612 in
241 3549 376 3612 solidum
387 3550 607 3614 administrant
620 3551 791 3614 dioecesim.
1037 3561 1038 3564 ’

184 3671 250 3724 rou.
265 3645 289 3715 ἰ.
929 3657 959 3725 tl
1048 3661 1052 3667 ’
