2518 4144
303 369 410 418 uocrcr
431 369 584 416 srncrlus
604 369 688 418 runis
709 369 864 418 cssorrcr.
1012 359 1052 420 55

113 533 228 596 prema
251 513 422 577 tribunalia
442 514 474 574 in
495 513 605 576 ordine
629 513 828 592 negotiorum
853 519 1049 594 reputantur.

158 613 263 671 Unum
286 612 393 670 autem
421 607 490 668 aliis
520 607 682 686 praecellit,
711 608 913 687 congregatio
939 627 1051 688 nempe

114 702 251 779 concilii,
282 721 337 762 seu
361 701 568 780 interpretum
599 701 680 761 sacri
712 699 834 760 concilii
868 701 1050 780 Tridentini,

113 796 273 878 siquidem
292 793 336 854 illi
361 813 423 854 non
445 797 569 856 tanturn
589 794 787 872 negotiorum
810 793 1050 870 administratio,

112 909 174 951 nec
194 892 317 950 tantum
330 887 493 967 judicandi
509 887 648 948 defertur
661 888 806 964 facultas,
828 887 884 948 sad
904 891 936 950 et
952 887 1053 967 ipsam

109 984 165 1064 jus
187 980 426 1059 interpretandi,
445 981 585 1041 consulto
601 981 761 1058 Pontilice,
779 981 915 1042 obtinuit
925 981 1054 1059 provin-

114 1076 210 1136 ciam.
244 1073 333 1136 Unde
365 1073 432 1153 ejus
467 1073 640 1135 decisiones
676 1074 811 1135 abosum
848 1074 1052 1136 tribunalium

113 1185 338 1248 supremorum
350 1167 561 1228 decisionibus
576 1171 725 1246 praestare
740 1166 897 1229 videntur.

231 1319 260 1360 11.
274 1321 305 1358 De
318 1318 341 1358 ot
351 1326 389 1358 seo
400 1317 477 1358 valore
485 1326 548 1366 qum
557 1315 655 1357 otllocnt
664 1315 811 1358 tricenariam
819 1317 942 1358 deculcare.

157 1441 210 1502 IV.
228 1438 404 1499 'theorema
421 1438 591 1516 generale:
614 1437 778 1498 necatores
802 1455 894 1498 saera
914 1436 1001 1500 lictae
1022 1447 1051 1500 et

115 1531 305 1593 resolutiones
325 1531 451 1592 oliorum
470 1551 543 1591 rom.
563 1531 819 1611 congregationum
838 1529 873 1590 de
890 1549 919 1590 se
936 1530 1053 1610 suriunt

109 1627 165 1707 jus
174 1623 377 1706 particulare,
393 1643 452 1705 per
472 1623 603 1686 occidens
621 1633 718 1686 cotan
738 1631 861 1704 masat
886 1623 984 1703 sacae
999 1624 1053 1705 jus
1084 1605 1107 1746 li

116 1719 291 1781 autumate.
1104 1691 1109 1741 ⁸

158 1812 250 1874 Ratio
260 1811 371 1892 prrirroe
379 1811 479 1892 portis
492 1815 538 1872 est
552 1811 637 1890 quod
656 1813 769 1872 natura
787 1810 901 1872 harum
923 1810 1052 1872 decisio-

116 1925 196 1966 num
224 1925 279 1966 seu
304 1905 530 1965 resolutionum
556 1903 634 1964 nihil
663 1903 748 1966 aliud
772 1907 819 1964 est
849 1903 907 1964 nisi
939 1907 1053 1964 natura

112 1997 259 2079 judicati.
287 1997 381 2077 Atqui
411 1997 568 2058 sententia
591 1996 766 2076 judicialis,
794 2015 858 2076 qua
881 1995 962 2072 talis,
990 2014 1054 2056 non

116 2091 281 2171 egredItur
305 2090 419 2152 limites
447 2090 530 2150 illius
556 2089 775 2150 controversiae
804 2107 861 2166 pro
891 2107 955 2166 qua
983 2087 1056 2146 diri·

116 2184 236 2244 menda
246 2185 310 2244 lata
329 2185 489 2262 est-Ergo
510 2183 559 2244 hae
581 2181 755 2242 decisiones
776 2199 832 2242 seu
851 2177 1056 2240 resolutiones

116 2296 183 2338 non
201 2277 320 2338 faciunt
340 2277 398 2338 nisi
414 2277 466 2357 jus
492 2275 694 2355 particulare,
718 2274 751 2334 id
771 2275 819 2334 est
834 2271 887 2353 jus
916 2269 1056 2332 decisum

116 2371 203 2430 inter
217 2373 321 2448 partes
334 2370 569 2431 contendentes

159 2464 249 2535 Ratio
271 2461 403 2524 secandae
414 2463 514 2543 portis
528 2466 592 2524 tres
610 2480 700 2522 casus
717 2459 952 2540 complectitur:
971 2461 1001 2520 l⁰
1017 2458 1054 2535 si,

118 2553 1054 2636 RomanoPontificeconsulto,interpreteturjuscommunc,

118 2649 205 2729 quod
229 2648 427 2728 potissimum
452 2649 571 2710 obtinet
594 2648 627 2708 in
652 2647 896 2726 congregatione
920 2643 1054 2720 concilii,

117 2746 194 2803 tunc
210 2761 282 2802 cum
297 2742 512 2820 interpretatio
527 2741 607 2822 juris
623 2739 808 2802 naturaliter
830 2739 871 2798 ad
885 2737 938 2818 jus
953 2735 1056 2815 ipsum

48 2849 59 2868 ·
117 2836 285 2912 referatur,
316 2835 544 2913 interpretatio,
579 2835 624 2896 sic
650 2833 771 2910 habita,
796 2832 841 2894 ita
866 2831 951 2894 valet
977 2829 1057 2891 sicut

117 2928 335 3008 interpretatio
352 2929 391 2989 ab
406 2929 474 3007 ipso
487 2927 637 2988 Pontifice
653 2929 794 2988 Romano
806 2927 945 3004 peracta.

159 3026 190 3082 2⁰
207 3022 239 3083 Si
254 3021 325 3082 talis
343 3021 493 3083 resolutio
510 3021 649 3082 continet
668 3019 905 3097 dispositionem
926 3037 1056 3098 genera·

118 3116 194 3191 lem,
215 3132 296 3193 quae,
319 3116 408 3175 Rom.
432 3113 582 3175 Pontifice
605 3113 758 3190 consulto,
776 3112 916 3192 legitime
937 3129 975 3172 ac
997 3131 1056 3190 pu-

120 3208 204 3269 blice
229 3208 468 3288 promulgetur:
487 3207 570 3286 quod
586 3225 649 3268 non
669 3209 793 3268 tantum
814 3206 853 3265 de
875 3206 906 3266 S.
934 3203 1054 3265 concilii

118 3300 378 3380 congregatione,
399 3301 454 3362 sed
474 3303 506 3362 et
522 3299 561 3360 de
576 3299 645 3360 aliis
659 3317 738 3360 rom.
759 3296 1055 3378 congregationibus

118 3395 182 3456 dici
199 3397 313 3473 potest.

159 3491 191 3549 3⁰
222 3487 255 3549 Si
281 3488 388 3567 plures
412 3490 600 3548 concurrant
628 3485 801 3547 decisiones
831 3486 862 3546 S.
896 3482 984 3542 Rotae
1005 3480 1055 3540 vel

120 3581 257 3644 aliarum
280 3581 572 3660 congregationum,
589 3598 659 3660 quaa
676 3579 802 3658 quidem
817 3593 874 3655 pro
889 3570 1056 3652 peculiari-
