2542 4122
217 315 276 378 268
424 325 654 376 rusrrrurroues
673 328 757 376 reru
779 328 934 377 ceremur.

218 471 379 538 constituit
394 490 549 552 organum
567 472 715 552 generale
730 491 788 552 per
797 473 881 554 quod
894 475 1065 536 Romanus
1079 475 1158 536 Pou-

217 566 294 630 tifex
330 565 569 628 necessitatibus
601 565 787 626 missionum
814 566 969 645 providet.
1007 568 1156 643 Constat,
1248 577 1250 632 i

217 659 322 740 prouti
342 657 651 737 columpnarum,
668 658 849 736 secretario,
863 661 922 720 ete.

259 753 322 816 Sed
340 770 414 813 cum
424 751 466 812 ad
488 750 592 829 ipsam
605 751 815 813 devolventur
827 751 930 830 spolie
942 751 1056 813 omnia
1071 752 1159 813 dece·

219 845 361 909 dentium
375 843 577 920 elericorum,
605 849 722 922 praeter
740 843 919 924 prefectum
947 844 1155 918 cardinalem,

221 936 541 1017 Propagandaebabet
550 936 647 998 alium
660 936 852 998 cardinalem
860 935 1046 1016 prefectmn
1055 937 1159 1017 spolio-

219 1051 297 1106 raon,
308 1030 362 1110 qui
372 1029 676 1090 administrationem
688 1029 770 1108 gerit
785 1029 1031 1106 oeconomicam,
1044 1034 1107 1093 etc.

260 1123 405 1187 Urbanus
418 1124 496 1198 Vlll,
521 1121 562 1182 ad
576 1121 676 1184 instar
690 1121 896 1200 collegiorum
912 1120 1016 1198 urbis,
1037 1140 1158 1201 germe-

221 1216 282 1278 nici
306 1219 338 1277 et
348 1215 462 1294 anglici
486 1217 517 1274 et
538 1214 672 1275 aliarum
685 1213 850 1276 nationum
864 1213 1096 1275 hereticorum
1109 1215 1158 1296 qui

220 1329 241 1370 a
258 1309 323 1370 suis
335 1307 552 1369 decessoribus
568 1306 702 1368 instituti
712 1307 848 1383 inerant,
865 1305 1041 1386 collegium
1063 1308 1160 1370 erexit

220 1400 433 1480 propagandae
446 1399 532 1477 fidei,
555 1399 646 1479 cujus
666 1399 809 1478 regimen
828 1399 870 1459 ad
883 1399 968 1460 hanc
982 1417 1160 1480 congrega-

219 1493 338 1556 tionem
348 1493 479 1570 spectat

260 1586 355 1646 XXV.
383 1586 469 1646 Duas
494 1583 572 1645 alias
601 1584 862 1664 congregationes
887 1583 1027 1647 instituit
1060 1587 1159 1649 Urba·

220 1695 280 1740 nus
293 1679 362 1738 Vlll
380 1694 387 1736 :

260 1771 310 1831 {0⁰
329 1767 547 1830 mediationis
570 1777 599 1830 et
620 1769 814 1830 incomitata
832 1771 1049 1850 mcleeimticoe,
1074 1771 1158 1852 cujus

223 1861 362 1924 officium
376 1864 424 1924 est
438 1864 473 1922 ut
490 1865 618 1924 tuemur
630 1866 661 1938 et
681 1862 830 1924 defendat
848 1863 1088 1926 immunitatem
1108 1883 1158 1925 seu

220 1955 398 2018 libertatem
411 1953 499 2032 locis,
516 1955 607 2017 bonis
629 1959 661 2016 et
678 1956 838 2034 personis,
866 1956 1018 2018 Ecclesiae
1034 1975 1160 2036 compe-
1249 1949 1250 1952 ’

221 2051 341 2112 tentem
357 2066 377 2108 a
390 2047 474 2109 civili
489 2046 718 2127 jurisdictione.

264 2145 315 2204 ll⁰
343 2140 521 2202 Vbitationia
539 2140 719 2220 apostolico,
742 2139 831 2222 eujus
851 2140 993 2203 officium
1008 2145 1061 2204 est
1074 2160 1161 2221 pera·

221 2234 318 2314 gandi
329 2233 538 2296 visitationem
551 2231 696 2293 dioecesis
704 2250 855 2311 romanae,
867 2233 973 2313 prouti
984 2234 1161 2296 secundum

221 2345 359 2388 canones
386 2329 418 2387 et
430 2325 604 2405 praesertim
620 2324 743 2386 concilii
754 2325 940 2401 Tridentini,
952 2325 1077 2389 debent
1090 2326 1161 2388 visi-
1248 2403 1249 2406 Ἴ

221 2421 288 2479 tare
310 2418 459 2478 ordinarii
480 2420 623 2480 locorum
649 2436 707 2496 per
726 2435 760 2478 se
783 2419 834 2479 vel
848 2436 906 2497 per
919 2435 994 2478 suos
1009 2419 1158 2480 vicarios.
1248 2411 1249 2414 '

224 2511 301 2572 Cum
314 2511 420 2570 autem
432 2512 593 2572 Romanus
605 2509 748 2572 Pontifex
760 2511 801 2572 ob
819 2511 1009 2590 multiplices
1023 2530 1162 2591 occupe-
1248 2505 1249 2558 ἶ

223 2601 325 2666 tiones
339 2620 396 2682 per
420 2621 453 2663 se
469 2603 551 2664 bane
570 2603 781 2664 visitationem
796 2622 859 2666 uon
874 2605 978 2683 potest
992 2621 1159 2684 peregere,
1248 2597 1249 2676 l

225 2700 257 2758 at
270 2715 309 2756 ea
322 2714 385 2757 non
411 2695 688 2775 comprehenditur
702 2695 734 2756 in
761 2696 961 2758 facultatibus
990 2697 1161 2758 cardinalis
1248 2733 1249 2744 κ

224 2786 333 2849 vicarii
348 2788 380 2848 in
401 2789 497 2865 Urbe,
511 2789 582 2850 ideo
606 2788 726 2866 placuit
739 2788 866 2851 Urbano
890 2790 959 2851 Vlll
974 2791 1011 2850 ut
1031 2790 1159 2850 cuidem

224 2878 401 2958 specialiter
412 2880 472 2942 hoc
487 2881 692 2962 deputaretur
717 2880 963 2960 congregationi.
982 2882 1160 2960 Eapropter

225 2970 303 3033 dare
318 2970 418 3033 voluit
431 2972 536 3034 locum
549 2972 647 3034 fixum
662 2977 693 3034 et
707 2973 852 3034 stabilem
865 2972 898 3032 in
912 2972 973 3034 hec
985 2991 1159 3053 congrega·

135 3073 140 3082 “
224 3066 309 3130 tione
331 3067 400 3126 tum
420 3065 574 3126 cardinali
591 3065 721 3142 vicario,
746 3069 815 3136 tum
844 3065 929 3126 vices
954 3067 1091 3144 gerenti,
1106 3065 1158 3145 qui

223 3160 451 3240 repraesentant
465 3157 497 3218 in
514 3158 599 3220 Urbe
625 3158 835 3220 dioecesanam
851 3159 986 3220 Romam
999 3158 1159 3220 Pontificis
1247 3185 1248 3224 1

224 3251 456 3315 anctoritatem.
858 3319 862 3325 Ι

264 3347 374 3407 Differt
385 3363 406 3405 a
417 3343 538 3406 caeteris
553 3344 850 3423 congregationibus
862 3343 894 3404 in
907 3346 1062 3424 quantum
1077 3343 1158 3404 illius

224 3437 363 3499 officium
379 3455 441 3498 non
459 3435 638 3498 extenditur
652 3437 693 3496 ad
711 3437 891 3499 universam
906 3437 1093 3514 Ecclesiam,
1105 3435 1156 3496 sed

225 3527 266 3584 ad
304 3545 468 3588 romanam
501 3531 624 3589 tantum
666 3527 838 3590 dioecesim.
867 3528 988 3590 Gaudet
1015 3527 1156 3606 pluribus
