2540 4132
200 305 260 372 m
405 319 636 372 nomenoius
655 319 741 370 surm
761 319 916 371 morrei.

562 515 693 578 CAPUT
713 515 764 575 111.

93 661 97 668 '
198 685 451 734 mensuramus
466 687 610 734 ruruono
621 687 1126 737 mmnrnsmrroursoocrrumurs

495 781 656 828 saonem
675 783 832 828 cauom.

401 908 420 942 ι.
432 907 467 943 ι.
479 905 568 953 arga..
579 911 603 944 οι
613 909 712 946 nous-r·
722 909 791 957 sq·-
801 909 911 945 ..o-n.

235 1021 260 1086 Ι.
271 1021 460 1098 Quanquam
471 1018 606 1080 liberum
617 1019 762 1081 videatur
772 1019 935 1100 interpreti
955 1037 1027 1080 eam
1038 1019 1125 1100 sequi

197 1111 381 1178 methodum
399 1129 497 1191 quam
511 1111 667 1192 aptiorem
689 1113 860 1175 arbitratur
880 1112 1040 1192 adlegum
1055 1130 1125 1174 sen-

196 1223 266 1270 sum
274 1203 895 1284 inquirendum‚tradeudumque,tamen
910 1220 982 1266 cum
996 1204 1128 1266 scientio

191 1295 272 1376 juris
297 1315 388 1360 secus
411 1315 450 1358 ac
475 1300 610 1374 oaeterm,
630 1293 818 1358 reviviscere
833 1297 929 1376 coepit
942 1297 1029 1357 circa
1049 1299 1125 1358 Xlum

195 1393 228 1450 et
239 1391 331 1452 Xll¹¹¹
344 1408 431 1467 saeo.‚
444 1389 621 1470 facilejuris
630 1389 845 1468 interpretatio
861 1407 932 1450 eam
939 1389 1126 1452 methodum

194 1485 303 1544 secuta
316 1486 363 1544 est
373 1500 443 1563 qum
453 1482 538 1562 apud
550 1481 690 1544 eruditos
702 1483 784 1543 illius
796 1483 895 1546 aetatis
908 1484 1126 1562 erat-recepta.

194 1576 291 1636 Porro
305 1578 491 1654 tempestate
507 1575 572 1652 illa,
589 1575 791 1636 scientiarum
797 1574 1019 1636 restaurationi
1029 1575 1125 1653 pluri-

194 1684 282 1727 mum
293 1667 460 1727 contulisse
472 1666 598 1728 videtur
612 1667 802 1728 aristotelico
813 1666 991 1729 methodus.

233 1758 410 1820 Aristotelis
438 1757 523 1818 enim
546 1777 643 1838 opera
667 1760 738 1840 jam
767 1763 835 1822 turn
867 1760 1030 1822 osaeculo
1059 1762 1127 1824 VIII

194 1852 276 1914 inter
296 1850 418 1912 Arabes
440 1868 497 1911 seu
509 1853 684 1914 Saracenos
706 1853 840 1930 exculta,
856 1855 986 1914 curante
999 1853 1127 1932 Sylves-

196 1947 243 2008 tro
266 1945 305 2020 Π,
328 1945 418 2004 Rom.
444 1945 535 2006 Pont.
553 1945 612 2006 suh
631 1946 693 2006 fine
717 1947 745 2006 X
765 1963 851 2023 sae,
867 1945 900 2005 in
917 1963 1027 2006 omnes
1041 1945 1126 2007 orbis

194 2039 300 2118 partes
328 2035 489 2116 divulgata
513 2041 587 2098 sunt
620 2041 652 2100 et
681 2037 713 2098 in
746 2037 861 2100 scholis
887 2037 1026 2098 maxima
1054 2057 1127 2100 cum

195 2131 336 2194 omnium
358 2129 565 2192 admiratione
590 2133 728 2210 recepta.
756 2131 847 2194 Unde
872 2131 992 2192 factum
1017 2133 1065 2191 est
1092 2133 1127 2192 ut
1253 2139 1254 2152 ³

196 2227 349 2304 quotquot
371 2225 545 2284 floruerunt
559 2223 673 2284 eruditi
693 2223 752 2284 viri
766 2225 819 2300 xl,
835 2224 891 2284 Xll
907 2226 938 2284 et
952 2223 1023 2283 Xlll
1036 2240 1124 2300 saec,

195 2315 405 2394 peripateticis
419 2315 541 2394 placitis
553 2318 586 2376 et
602 2315 793 2377 aristotelica
810 2314 960 2376 methodo
980 2313 1126 2376 delectati

194 2407 273 2479 sint;
293 2410 324 2466 et
337 2406 381 2466 sic
400 2407 622 2470 scholasticam
644 2409 779 2469 formam
801 2407 945 2468 omnihus
967 2407 1127 2468 academi-

194 2499 239 2562 cis
260 2497 414 2558 exercitiis
429 2499 637 2578 applicarunt.
661 2501 740 2560 Hinc
758 2503 867 2561 natum
879 2501 927 2560 est
943 2498 1128 2559 exercitium

195 2590 389 2654 scholastica
408 2591 626 2670 disputationis
640 2592 673 2652 iu
692 2591 916 2671 philosophicis
930 2591 1127 2670 theologicis·

195 2703 256 2764 que
271 2684 459 2763 disciplinis;
476 2683 550 2744 hinc
563 2683 746 2746 exercitium
759 2682 1024 2764 interpretationis
1039 2683 1126 2746 seho-
1253 2743 1254 2754 ,

194 2776 311 2838 lasticae
324 2776 449 2856 injuris
463 2775 637 2855 disciplina.

236 2870 311 2940 Quae
331 2868 478 2929 exercitia
497 2869 574 2928 nihil
598 2868 683 2930 aliud
698 2869 776 2930 'suut
798 2869 857 2930 nisi
883 2868 1053 2948 disputatio
1077 2868 1126 2930 vel

195 2960 408 3040 interpretatio
423 2961 465 3022 ad
474 2961 615 3024 strictam
626 2961 831 3042 syllogizandi
843 2980 988 3024 normam
1002 2963 1122 3022 exacte.

235 3057 355 3118 Horum
374 3053 594 3116 exercitiorum
614 3073 690 3116 usus
714 3055 869 3116 maximus
881 3055 940 3116 fuit
961 3071 1124 3134 quousque

196 3147 420 3212 aristotelicum
441 3165 576 3227 regnum
596 3147 731 3226 duravit,
751 3149 784 3208 in
796 3147 943 3210 scientiis.
964 3147 1028 3210 Sed
1043 3149 1124 3226 post

194 3260 289 3322 quam
303 3259 323 3302 a
335 3258 406 3302 saeo.
422 3239 503 3316 XIV,
522 3239 621 3323 Graeci
636 3240 758 3302 ltaliam
771 3243 925 3318 petentes,
940 3243 1034 3319 capta
1047 3239 1123 3300 Con·

194 3333 416 3412 stantinopoli,
452 3331 514 3392 alia
539 3349 716 3410 graecorum
741 3332 1002 3412 philosophorum
1029 3347 1125 3410 opero

195 3425 460 3500 seeumtulerunt,
472 3422 697 3486 aristotelicum
708 3443 842 3505 regnum
856 3425 958 3504 primo
976 3422 1121 3500 divisum,

197 3515 324 3576 demum
341 3533 485 3576 eversum
503 3517 560 3577 est.
581 3516 670 3579 Unde
684 3535 759 3580 neus
780 3516 999 3580 exercitiorum
1010 3531 1121 3596 parum
