2542 4122
211 340 271 402 elo
424 349 654 398 memoriosus
674 348 758 395 runis
780 348 935 394 onnonrcr.

211 495 470 560 Mediolanenses,
488 494 666 576 Aliquando
677 493 773 555 etiam
783 491 870 553 missi
882 493 954 554 sunt
965 495 1002 554 ut
1017 496 1145 556 nonnul-

211 592 257 651 las
273 592 419 668 regerent
432 589 579 650 ecclesias
596 588 654 649 suh
664 586 791 648 nomine
801 585 991 647 vicariorum
1003 589 1146 665 apostoli-

213 701 332 745 oorum.
359 684 406 743 lta
433 683 539 760 plures
569 679 821 759 multiplicesque
851 698 888 740 ao
921 679 1146 742 diversissimas

213 777 300 838 novit
314 775 444 837 historia
463 775 520 835 has
531 774 718 854 legationes.
737 773 800 834 Sed
814 772 995 852 hujusmodi
1010 778 1147 836 extraor-

214 869 344 931 dinariae
370 868 589 948 deputationes
618 886 656 928 eo
687 867 755 946 ipso
780 866 865 945 quod
893 868 1146 928 extraordinaria

214 965 296 1038 sunt,
308 961 485 1023 exorbitant
496 980 515 1022 a
522 961 594 1040 jure
606 959 781 1033 communi;
794 978 857 1020 non
869 962 944 1020 sunt
956 961 1088 1039 regula,
1096 961 1147 1022 sed

214 1054 424 1133 exceptiones
438 1057 615 1133 Ilapropter
624 1072 688 1115 nou
702 1056 834 1133 possunt
844 1051 919 1132 jura
939 1053 1052 1114 talium
1065 1055 1147 1133 lega-

213 1154 317 1210 torum
332 1149 372 1208 ad
394 1152 480 1209 certa
494 1147 635 1208 revocari
665 1145 831 1225 principia,
844 1164 917 1206 cum
938 1145 992 1206 illa
1013 1148 1147 1225 pendent

213 1241 339 1302 omuino
352 1260 389 1300 ex
399 1241 550 1319 singulari
560 1240 710 1301 mandato
722 1258 784 1318 quo
798 1239 892 1299 fuerit
901 1238 971 1316 ipsa
981 1241 1147 1302 constituta

211 1334 338 1412 legatio.
370 1335 568 1411 Quapropter
602 1333 677 1394 satis
706 1332 827 1393 sithoc
854 1333 1007 1393 adnotare
1034 1334 1147 1412 priuci-

212 1425 299 1504 pium
311 1441 317 1486 :
330 1427 466 1486 Tantum
481 1429 613 1504 possunt
624 1428 777 1504 quantum
791 1425 910 1485 habent
931 1425 964 1484 in
976 1426 1143 1488 mandatis.

213 1520 279 1590 Quo
301 1517 414 1594 posito,
440 1518 480 1578 ad
501 1518 676 1579 ordinarias
705 1517 880 1596 legationes
899 1518 994 1579 liceat
1016 1520 1146 1598 gradum

213 1610 330 1671 facere.

254 1703 362 1764 XVlll.
382 1706 413 1762 2⁰
430 1701 588 1764 Ordinorii
600 1703 692 1784 legati
704 1703 827 1764 induas
842 1702 963 1781 species
982 1704 1147 1766 subdistin-

213 1797 339 1874 guntur.
357 1794 417 1854 Alii
437 1795 584 1857 dicuntur
603 1797 684 1873 noti,
702 1796 753 1856 alii
774 1814 832 1874 per
845 1795 1078 1875 oppositionem
1091 1796 1145 1858 dici

214 1890 343 1965 possunt
356 1887 435 1967 sacti
445 1888 495 1948 vel
510 1888 602 1951 missi.

254 1979 359 2059 Origo,
376 1979 604 2042 vicissitudines
626 1985 657 2042 et
670 1981 735 2042 fata
749 1981 862 2042 horum
884 1981 1063 2061 legatorum
1083 1983 1145 2044 hac

214 2077 310 2135 suni:
331 2076 562 2135 consueverunt
585 2075 717 2135 Romani
739 2074 906 2136 Pontifices
925 2075 1144 2136 nonnullarum

214 2167 379 2228 illustrium
400 2170 431 2228 et
456 2165 636 2228 dissitarum
655 2167 833 2227 dioeceseon
852 2166 1018 2246 episcopos
1042 2167 1144 2230 vicarii
1251 2175 1252 2182 ’

214 2260 375 2337 apostolici
388 2277 517 2320 munere
532 2259 650 2320 donare
667 2262 702 2320 ut
715 2259 908 2338 pontificiam
928 2260 1144 2322 auctoritatem

214 2350 245 2408 in
267 2351 415 2412 finitimos
437 2355 699 2431 repraesentarent
713 2352 886 2432 episcopos.
903 2353 995 2414 Tales
1008 2354 1141 2428 fuerunt,

214 2461 243 2500 v.
270 2460 315 2518 g.‚
337 2441 501 2520 episcopus
517 2444 803 2506 Thessalonicensis
822 2445 854 2505 in
877 2446 1023 2524 Illyn'co‚
1041 2447 1144 2509 Arela-

213 2534 309 2594 tensis
322 2537 353 2594 et
367 2536 528 2596 Remensis
542 2537 575 2598 iu
591 2538 707 2615 Galliis,
726 2541 757 2599 et
771 2538 815 2600 ita
829 2557 934 2618 porra.

252 2630 324 2689 lam
338 2645 413 2688 vero
428 2624 526 2706 quum
546 2630 594 2691 hae
609 2631 792 2709 legationes,
817 2632 848 2692 hi
864 2632 1036 2695 vicariatus
1050 2635 1102 2715 qui
1116 2634 1143 2694 in

212 2721 371 2798 primitiva
384 2740 442 2782 sua
459 2723 579 2802 origine
591 2723 718 2784 fuerunt
734 2725 995 2804 extraordinaria,
1023 2745 1143 2806 semper

212 2813 244 2873 in
258 2813 399 2873 favorem
424 2816 642 2894 episcoporum
657 2818 841 2878 earumdem
856 2819 979 2880 sedium
999 2821 1141 2899 repetita,
1250 2863 1251 2898 p

213 2922 275 2965 nou
292 2905 332 2965 ad
354 2909 477 2984 tempus
493 2909 620 2987 quidem
634 2911 690 2970 sed
704 2910 736 2970 in
751 2915 948 2990 perpetuum,
966 2913 1058 2974 facile
1074 2931 1143 2974 oon·
1250 2903 1251 2940 ³

212 3015 304 3058 versa
318 3002 391 3058 sunt
400 2999 433 3058 in
448 3001 622 3062 ordinarias
636 3002 819 3082 legationes.
844 3004 895 3065 Sic
910 3005 1142 3085 quodammodo

212 3090 286 3151 visae
311 3095 384 3152 sunt
397 3091 526 3154 adnexae
550 3093 593 3154 illi
609 3094 674 3155 sedi
694 3095 862 3175 episcopali
887 3097 977 3177 cujus
992 3098 1143 3177 episcopis

213 3185 273 3246 hoc
285 3203 398 3245 munus
411 3186 564 3247 committi
580 3188 710 3250 solebat.

252 3281 426 3356 llapropter
440 3278 525 3339 circa
545 3281 695 3341 saeculum
712 3301 830 3344 nonum
852 3285 885 3344 in
906 3283 1144 3346 desuetudinem

213 3371 357 3432 abierunt
380 3374 411 3431 et
433 3371 502 3432 loco
531 3372 670 3450 ipsorum
695 3376 754 3438 orti
780 3379 853 3438 sunt
878 3377 973 3456 legati
1001 3378 1079 3454 nati,
1102 3377 1143 3438 illi

212 3481 325 3539 nempe
337 3463 475 3541 episcopi
492 3464 544 3542 qui
555 3465 677 3526 ratione
688 3469 770 3528 sedis
781 3487 877 3548 quam
886 3469 1143 3532 habautmunere

213 3551 369 3612 donantur
382 3555 549 3617 vicariatus
570 3558 740 3633 apostolici.
759 3561 821 3622 Sed
846 3562 897 3622 hio
914 3562 1140 3642 jurisdictionis
