2542 4122
190 345 249 402 200
399 355 631 400 iusrrrurronus
652 355 735 398 rums
759 351 917 398 canorum.

274 500 284 551 §
298 501 324 542 u.
339 510 371 542 nr
383 509 501 542 canorem
514 509 556 549 qm
571 507 632 539 suar
646 508 677 538 rx
691 505 865 538 rnsrrrurrorr
880 505 1065 538 recusauerim.

231 612 268 670 X.
291 612 369 670 Cum
382 609 452 668 duae
465 607 657 668 tantumsint
669 607 700 666 in
722 605 934 666 ecclesiastica
952 605 1141 667 hierarchia

192 702 359 781 dignitates
376 701 542 778 quibusda
559 700 630 779 jure
646 700 752 760 divino
769 702 928 777 competat
939 699 1136 778 jurisdictio,

192 799 339 872 utsupra
358 793 505 869 vidimuS,
525 797 636 871 sponte
652 793 794 872 sequitur
814 811 923 852 omnes
941 792 1021 852 alios
1037 792 1140 872 juris-

192 887 336 948 dictionis
360 887 476 964 gradus
500 887 552 965 qui
576 887 608 945 in
632 886 691 945 hac
711 885 891 945 hierarchia
916 885 1135 962 reperiuntur,

192 983 241 1040 rel
257 982 295 1039 de
306 998 368 1040 unc
379 981 428 1039 vel
440 980 478 1038 de
490 979 550 1039 alio
566 981 650 1039 fonte
661 979 862 1056 participare,
878 997 933 1038 seu
946 977 1032 1056 quod
1047 977 1137 1036 idem

192 1078 254 1150 est,
271 1073 310 1132 ah
328 1091 389 1132 uno
405 1073 455 1132 vel
470 1073 509 1132 ah
525 1073 623 1132 altero
634 1090 723 1131 suam
734 1075 880 1131 mutuare
896 1071 1134 1146 auctoritatem,

191 1167 240 1226 vel
255 1166 340 1225 illam
354 1170 581 1243 repraesentare
596 1165 784 1242 dignitatem
807 1163 897 1242 cujus
918 1168 1077 1241 tanquam
1090 1163 1137 1222 vi-

191 1259 267 1318 carii
285 1258 420 1318 habendi
436 1262 517 1318 sunt.

233 1355 429 1428 Quapropter
441 1351 534 1430 hujus
548 1351 633 1410 modi
649 1351 766 1428 gradus
783 1367 892 1409 omnes
905 1349 944 1409 ad
958 1349 1039 1409 duas
1050 1349 1138 1427 prin-

109 1495 112 1499 .
193 1443 311 1518 ripales.
323 1444 497 1520 categorias
509 1444 615 1504 reduci
631 1447 761 1522 possunt
779 1463 785 1504 :

233 1534 339 1594 Prima
352 1537 552 1614 amplectitur
569 1555 676 1596 omnes
689 1537 758 1596 illos
774 1535 892 1614 gradus
909 1533 1136 1594 ecclesiasticae

194 1626 352 1704 dignitatis
367 1629 418 1706 qui
436 1648 473 1688 ex
483 1648 546 1688 una
559 1633 719 1706 partenon
735 1629 873 1688 habeant
886 1627 1030 1686 divinam
1045 1627 1138 1688 iusti-

192 1719 410 1795 tutionem‚·ex
425 1722 524 1780 altera
537 1726 642 1782 autem
658 1721 837 1781 dioecesano
854 1720 1052 1797 episcopatui
1073 1739 1137 1780 non

194 1811 408 1889 subjiciantur,
425 1812 477 1890 qui
488 1832 601 1892 nempe
611 1813 799 1874 traducendi
810 1816 884 1873 sunt
897 1817 1055 1890 tanquam
1065 1832 1137 1891 gra-

194 1905 251 1962 dus
274 1905 499 1982 delegataeseu
521 1907 670 1967 derivatae
687 1906 883 1966 auctoritatis
905 1923 924 1964 a
945 1905 1136 1982 pontificatu

194 1997 345 2074 maximo,
367 2002 518 2077 tanquam
533 1999 664 2060 totidem
676 1999 793 2078 gradus
810 1997 1064 2076 repraesentativi
1080 2017 1137 2058 seu
1207 2005 1218 2013 “

192 2089 300 2149 vicarii
316 2091 436 2150 Summi
450 2091 619 2152 Pontificis

233 2182 388 2242 Adultera
411 2201 486 2244 vero
509 2183 701 2262 categoriam
716 2186 861 2261 spectant
880 2199 990 2242 omnes
1015 2183 1138 2260 gradus

195 2275 412 2336 ecclesiasticae
437 2275 631 2336 auctoritatis
654 2276 724 2354 qui,
747 2295 819 2336 cum
840 2273 1034 2354 coadjuvant
1055 2275 1137 2353 epis-

194 2385 272 2442 copo
285 2386 341 2443 pro
353 2368 531 2429 dioecesano
547 2368 699 2447 regimine
716 2372 747 2428 et
761 2369 805 2428 illi
823 2387 879 2428 seu
898 2367 981 2426 illius
997 2369 1138 2429 auctori-

193 2457 248 2516 tati
264 2457 477 2535 subjiciantur,
499 2479 562 2520 non
575 2448 648 2522 sunt
666 2461 725 2521 nisi
741 2461 873 2522 totidem
887 2459 996 2520 vicarii
1013 2461 1136 2537 gradus

194 2548 291 2626 ipsius
305 2550 513 2628 episcopatus

233 2645 283 2704 XI.
298 2644 386 2715 Quod
402 2645 442 2704 ad
453 2645 586 2724 primam
600 2647 792 2726 categoriam
810 2650 942 2724 spectat,
958 2647 983 2706 si
1003 2647 1044 2707 ad
1058 2667 1135 2708 ana-

192 2735 285 2812 lysim
297 2756 496 2815 revocem,
516 2738 704 2816 multiplices
714 2740 831 2818 gradus
849 2739 1073 2800 ecclesiasticae
1088 2741 1134 2800 di-

193 2827 319 2904 gnitatis
346 2831 398 2907 qui
421 2850 477 2910 pro
499 2850 563 2892 suae
583 2832 787 2893 institutionis
812 2835 926 2893 natura
948 2851 1013 2892 non
1038 2833 1136 2892 susti·-

193 2923 269 2979 nent
291 2920 349 2980 nisi
365 2924 535 2999 quemdam
549 2925 745 3002 pontificium
764 2925 969 3001 vicariatum,
981 2925 1134 2986 videntur

192 3013 300 3072 reduci
321 3033 412 3092 posse
437 3017 477 3076 ad
499 3019 576 3078 duas
599 3017 814 3078 distinctiones
837 3017 1015 3096 praecipuas
1038 3038 1044 3078 :
1071 3017 1134 3077 dif-

192 3106 296 3167 ferunt
314 3107 364 3168 vel
387 3110 559 3187 quantitate
578 3110 771 3171 auctoritatis
791 3129 861 3189 quae
885 3110 945 3169 illis
961 3110 1134 3172 commissa

193 3203 249 3276 est,
267 3201 316 3262 vel
328 3202 422 3262 modo
437 3221 498 3281 quo
514 3203 573 3264 illis
589 3203 781 3264 conceditur.

234 3292 404 3368 Quantitotc
416 3313 428 3354 .·
442 3295 519 3356 Aliis
542 3295 626 3356 enim
640 3296 808 3356 commissa
822 3299 876 3356 est
891 3295 1040 3374 quaedam
1055 3315 1132 3357 auc-

192 3387 301 3448 toritas
315 3387 607 3466 supraepiscopalis

233 3478 320 3538 Modo
335 3499 346 3538 .·
361 3479 437 3540 Aliis
453 3481 620 3542 commissa
633 3485 680 3542 est
692 3482 861 3543 auctoritas
873 3481 1022 3560 quaedam
1038 3483 1131 3561 quasi

195 3568 388 3644 episcopalis.
