2518 4144
304 359 412 410 noeros
434 361 591 412 erremus
612 365 697 412 anus
723 365 877 416 neroum.
933 389 940 402 ·
1021 355 1062 418 29

161 503 214 566 IV.
238 504 355 566 contra
369 522 445 566 varo
459 503 627 586 deceptiosi,
643 505 675 568 vi
685 507 820 569 nominis
834 511 984 589 spectata,
995 527 1058 574 uon
1145 517 1154 528 “

122 598 171 657 est
184 595 243 656 nisi
258 614 370 658 norma
386 597 519 676 agendi,
540 616 611 678 quae
635 598 661 660 si
680 599 836 660 referatur
854 601 895 662 ad
914 603 1057 666 ordinem

122 687 379 766 ecclesiasticum,
397 689 429 750 in
442 708 504 769 quo
523 689 614 771 juxta
627 692 722 752 tidem
735 711 842 754 mores
861 694 1057 772 gubernandi

122 784 197 842 sunt
210 784 246 843 ut
259 782 300 842 ad
315 786 466 844 aternam
480 783 577 845 vitam
586 803 643 846 nos
654 785 801 864 dirigant,
818 785 985 864 disciplina
996 787 1058 850 dini

121 877 228 954 potest
244 895 251 936 :
267 874 377 954 procia
397 875 504 954 opcndi
519 876 673 937 secuudum
686 877 793 959 fidam,
809 897 865 940 seu
884 879 1058 942 secundum

122 967 242 1047 dogma
264 967 348 1046 quod
370 968 537 1031 credimus.
563 969 652 1032 Unde
680 988 874 1050 consequens
902 972 1057 1052 estquod

120 1063 238 1121 natura
252 1059 423 1140 discipline
442 1061 559 1123 nonsit
577 1065 691 1124 natura
710 1061 875 1144 eujusdam
890 1063 1057 1126 abstractae

120 1172 178 1214 sau
194 1152 344 1214 absolulae
362 1153 513 1231 veritatis,
538 1172 608 1234 quaa
630 1155 762 1235 proinde
782 1155 975 1218 invariabilis
996 1155 1053 1230 sit;

121 1245 291 1323 sadpotius
309 1248 376 1308 tota
388 1246 471 1307 illius
492 1250 606 1309 natura
627 1247 768 1310 consistit
784 1247 817 1310 in
837 1247 1055 1329 investigando

120 1357 206 1399 nexu
222 1356 284 1418 quo
298 1339 416 1402 factum
431 1358 504 1400 eum
518 1339 649 1402 veritate
662 1339 881 1422 conjungatur.

159 1433 241 1492 Tota
252 1449 328 1510 crgo
339 1435 453 1494 natura
464 1432 636 1512 disciplina
647 1433 1056 1513 consistitininvastiganda

118 1523 273 1586 relatione
287 1543 382 1604 quam
396 1525 514 1588 factum
528 1525 687 1606 agendum
701 1525 797 1589 habet
811 1544 883 1588 eum
895 1526 1054 1588 credenda

119 1616 264 1678 veritate.

159 1711 199 1771 V.
223 1711 295 1772 Jam
309 1729 383 1772 vero
399 1711 451 1772 hie
468 1711 557 1789 ordo,
574 1711 643 1772 haee
663 1711 784 1788 relatio,
808 1709 859 1772 hie
881 1729 978 1773 nexus
997 1712 1054 1774 ali-

117 1803 247 1882 quando
262 1806 310 1864 ast
323 1802 465 1866 absoluta
480 1803 686 1880 necessarius,
702 1803 871 1884 aliquando
882 1823 968 1866 mera
982 1823 1054 1866 con-

116 1895 255 1974 tingens.
279 1895 368 1958 Unde
399 1896 432 1956 in
458 1897 655 1975 primocasu
677 1895 842 1976 disciplina
862 1895 1053 1958 invariabilis

117 1991 178 2064 est⁷
193 1987 227 2047 in
241 1987 339 2049 altero
354 1989 530 2050 necessario
544 1989 704 2051 variabilis
719 1993 776 2050 cst.

158 2081 241 2142 Sunt
254 2080 337 2140 enim
349 2081 495 2159 quadam
504 2081 599 2158 faeta,
615 2082 760 2160 quaedam
772 2099 886 2159 praxea
897 2097 968 2159 quaa
979 2080 1052 2159 jura

116 2172 225 2234 divino
242 2171 286 2234 ita
307 2191 379 2233 eum
397 2173 545 2253 dogmate
565 2175 794 2235 connectuntur
812 2176 848 2232 ut
869 2171 931 2232 sint
952 2171 1052 2234 unieae

67 2299 72 2308 ·
115 2265 333 2344 expressiones
348 2265 504 2346 dogmatis
523 2266 632 2346 ipsius,
650 2265 788 2345 solaeque
802 2263 923 2344 possint
937 2263 1054 2342 dogma

114 2359 203 2439 quod
218 2358 374 2419 eredimus
388 2359 565 2438 significare
584 2362 679 2439 atque
698 2359 844 2420 affectum
864 2359 1053 2436 supernatu-

113 2453 226 2528 ralem,
245 2469 339 2531 quem
357 2469 531 2529 speramus,
548 2451 689 2531 operari3
706 2450 797 2528 sieut,
814 2469 845 2512 v.
870 2470 915 2530 g.,
939 2468 1051 2530 praxea

113 2543 257 2623 ritusque
273 2561 380 2604 omnes
398 2545 639 2606 sacramentales
661 2543 849 2605 considerati
875 2543 907 2602 in
927 2561 986 2602 sua
1002 2561 1051 2604 es·

112 2636 228 2712 sentia,
245 2635 278 2695 in
291 2654 349 2696 aua
362 2636 546 2713 substantia,
564 2638 718 2716 quatenus
733 2639 806 2697 sunt
827 2633 941 2696 diviuae
962 2633 1050 2695 insti-

112 2728 255 2792 tutionis,
274 2730 348 2800 Quae
363 2747 486 2808 praxea,
504 2747 576 2790 eum
586 2727 757 2790 consistant
767 2729 799 2788 in
812 2727 936 2806 agendo
946 2726 1050 2805 potius

112 2829 211 2902 quam
231 2821 264 2880 in
285 2821 454 2898 eredendo,
477 2826 647 2901 propterea
667 2820 886 2901 ingrediuntur
907 2819 1049 2881 ordinem

111 2914 302 2993 disciplinae3
316 2918 533 2976 verumtamen
547 2914 695 2976 exaltare
707 2911 966 2994 partaitadivino
977 2913 1049 2993 jure

108 3011 185 3070 sunt
196 3007 372 3069 constitutae
383 3009 428 3084 ut,
440 3006 500 3068 illis
509 3005 648 3084 variatis,
662 3008 791 3068 effectus
803 3004 1048 3083 supernaturalis

110 3118 172 3161 nec
187 3099 380 3180 significetur
394 3117 452 3160 nee
467 3098 717 3162 causetur.Unde
730 3097 902 3179 quamdam
913 3095 1048 3175 discipli·

110 3211 188 3254 nam
195 3193 342 3254 Ecclesiae
352 3191 601 3273 fundamentales
612 3191 805 3266 constituunt
813 3207 908 3270 quam
921 3190 1048 3268 dogma·

110 3285 166 3348 tiei
181 3285 321 3346 tradunt.

151 3378 230 3439 Inde
241 3377 384 3458 estquod
395 3377 548 3458 ejusmodi
559 3393 671 3456 praxes
685 3376 855 3457 quamdam
865 3375 1049 3454 dogmatum

107 3469 388 3532 invariabilitatem
400 3469 598 3550 participent.

152 3564 206 3626 vl.
231 3563 294 3625 Sed
315 3563 384 3624 aliae
407 3581 515 3624 omnes
541 3580 654 3641 praxea
679 3561 826 3622 Ecclesia
851 3574 914 3619 non
939 3557 1069 3618 tenent*

928 3659 958 3714 2*
