2502 4130
180 323 239 384 328
390 334 621 382 msruumouss
643 333 724 378 rums
747 333 900 379 cluoumr.

180 480 308 559 lemque
324 477 503 540 habuerunt
517 475 690 538 oPasohstli
701 478 741 536 ll⁰
755 477 983 538 confirmatam.
1001 477 1132 540 Deinde
1249 489 1250 494 ’

182 591 270 651 vero,
283 572 455 634 seeundum
475 573 593 632 statuta
605 589 625 630 u
638 569 815 631 Raimundo
834 570 962 649 tupris,
979 572 1131 634 secundo

182 667 334 748 magistro
348 663 499 745 generali,
512 663 598 740 dete,
619 663 737 724 bellum
746 662 879 741 professi
893 667 965 725 sunt
979 671 1017 724 ut
1031 683 1133 744 pere-

183 761 290 842 grinos
306 762 415 819 contra
426 759 545 817 'lurcos
560 755 773 818 defenderent.

225 852 288 916 Sed
302 855 470 931 postquam
485 848 662 934 christianis
678 851 787 928 erepta
801 847 859 910 fuit
873 849 1055 928 Palaestino,
1075 851 1130 913 isti

182 947 302 1028 equites
321 943 513 1006 transierunt
531 943 563 1003 in
579 942 714 1004 insulem
730 944 888 1020 Cyprum,
909 943 941 1002 in
957 943 1126 1022 Rhodum,

184 1039 268 1102 unde
290 1037 410 1118 equites
432 1036 610 1098 Rhodieoscs
631 1035 705 1096 dicti
726 1039 810 1097 sunt.
828 1037 961 1096 Demum
982 1038 1044 1098 sub
1069 1041 1131 1100 Ga-

184 1133 251 1194 rolo
266 1133 305 1193 V⁰
321 1129 421 1210 (1530)
437 1129 633 1190 Melitensem
647 1129 782 1188 insulam
797 1128 1021 1208 obtinuerunt,
1037 1133 1129 1193 unde

185 1223 305 1306 equites
319 1221 354 1284 de
369 1221 465 1282 Multo
489 1239 603 1282 nomen
625 1220 724 1282 sortiti
740 1225 822 1282 sunt.
841 1221 903 1283 Sed
925 1241 945 1282 a
964 1222 1130 1286 Meliteusi

184 1317 286 1380 insule
306 1315 416 1396 ejecti,
440 1314 472 1375 in
496 1333 569 1376 suas
586 1314 725 1394 privates
744 1314 854 1375 domos
875 1313 989 1376 iterum
1018 1317 1129 1378 redire

185 1409 285 1473 couoti
300 1413 383 1470 sunt.
401 1409 484 1472 Ordo
502 1408 553 1468 hio
574 1405 747 1468 hodiedum
771 1412 970 1485 perseverat,
994 1407 1130 1471 honoris

186 1503 397 1584 potiusquam
412 1501 504 1563 officii
521 1518 626 1562 causo.

228 1597 307 1658 XIV.
332 1595 429 1656 Paulo
451 1597 522 1672 post
536 1591 773 1672 HospitalarioS,
790 1592 869 1653 alter
884 1593 1129 1676 ordo‚1⁷cmplo·

73 1727 76 1734 ·
188 1689 302 1748 riorum
316 1705 440 1766 nempe,
457 1686 516 1747 fuit
530 1685 688 1748 institutus
701 1685 785 1746 circo
797 1703 916 1746 annum
927 1688 1017 1748 1118.
1031 1689 1131 1768 Origo

188 1779 282 1862 hujus
304 1797 393 1840 novae
413 1778 615 1840 institutionis
630 1777 698 1839 haeo
714 1777 809 1838 fuisse
824 1777 959 1840 videtur.
977 1781 1130 1842 Nonnulli

188 1872 309 1934 nobiles
327 1871 386 1934 viri
401 1889 532 1932 numero
548 1889 682 1948 novem,
708 1871 761 1950 qui
778 1870 990 1932 Godotredum
1010 1874 1133 1936 Bullio-
1249 1909 1250 1950 ξ

188 1985 285 2028 neum
308 1966 432 2026 fuerunt
452 1964 550 2026 seouti
569 1964 602 2024 in
622 1963 819 2043 expeditione
842 1965 999 2034 bellorum
1024 1986 1133 2030 sacro
1249 1955 1250 2016 Ῠ

189 2079 271 2138 rum,
285 2063 378 2139 capte
391 2057 619 2136 Hierosolyma,
628 2060 839 2136 opportunum
854 2058 997 2120 arbitrati
1014 2063 1133 2123 suntin

190 2153 382 2234 singularem
396 2151 480 2214 coire
495 2151 678 2212 societatem
687 2150 728 2210 ed
743 2149 813 2227 hoc,
825 2153 860 2211 ut
873 2153 1061 2232 peregrinos
1076 2155 1132 2235 qui

189 2251 279 2310 tento
300 2247 390 2326 copis
408 2249 483 2307 tuno
498 2243 722 2322 Hierosolymis
737 2243 925 2321 affluebant,
943 2246 983 2306 ob
1002 2246 1132 2328 injuriis

191 2338 585 2402 lurcorumdefendereni.
594 2336 706 2398 Tribus
714 2337 931 2398 assuetisvotis
939 2342 1131 2419 etquertum
1249 2385 1250 2428 q

190 2430 380 2492 addiderunt
393 2451 399 2491 :
412 2429 573 2510 pugnandi
584 2429 616 2490 in
628 2433 816 2508 perpetuum
831 2433 940 2491 contra
953 2434 1088 2511 Turoas,
1104 2433 1130 2495 si

190 2541 248 2606 pro
262 2523 409 2584 Ecclesiae
422 2522 601 2584 defensione
613 2541 691 2603 opus
701 2522 791 2583 foret.

232 2617 385 2698 Regulam
406 2617 586 2678 habuerunt
606 2621 746 2676 osanoto
766 2617 926 2678 Bernardo
948 2619 1130 2681 confectam
1249 2611 1250 2616 ¹

192 2715 223 2774 et
244 2713 284 2773 ub
306 2711 444 2773 Honorio
469 2711 511 2771 110
526 2709 772 2789 comprobatam.
788 2709 929 2790 Cumque
943 2711 1129 2792 hujusmodi

192 2805 312 2885 equites
326 2823 384 2884 per
404 2804 437 2864 id
448 2807 573 2882 tempus
591 2801 778 2863 incoluerint
792 2802 921 2864 domum
935 2823 1035 2884 prope
1050 2809 1129 2867 tem-

110 2951 113 2956 .
193 2897 279 2978 plum
305 2896 479 2958 Salomonis
503 2895 610 2972 sitem,
628 2913 723 2975 quom
740 2895 815 2974 ipsis
833 2903 1033 2960 concesserat
1048 2899 1130 2960 Bul·
1249 2903 1250 2930 ¹

190 2989 319 3067 doinus,
336 2989 492 3050 secundus
505 2987 794 3066 Hierosolymorum
806 3007 871 3066 rex,
889 2989 961 3051 inde
977 3009 997 3050 a
1007 2993 1127 3071 templo

135 3161 137 3164 Ι
193 3079 362 3163 'templarii
378 3081 451 3144 dicti
465 3084 547 3142 sunt.

235 3177 298 3240 Sed
310 3173 361 3237 hio
374 3175 463 3252 ordo,
473 3173 525 3254 qui
540 3175 660 3234 tentam
675 3173 813 3240 omnium
823 3175 950 3236 leudem
963 3175 1022 3238 sibi
1040 3195 1130 3238 oom-

194 3269 328 3352 perevit‚
346 3269 460 3330 saeoulo
475 3268 557 3329 XIV⁰
570 3265 695 3328 videtur
707 3267 800 3346 longe
817 3268 967 3330 defecisse
982 3288 1001 3329 a
1015 3270 1130 3348 spiritu

193 3361 351 3444 primaevae
370 3359 582 3436 institutionis,
602 3359 757 3439 siquidem
771 3361 938 3440 Templorii
955 3361 1071 3423 milites
1087 3363 1129 3424 de

192 3456 337 3534 pluribus
359 3453 486 3533 flagitiis
508 3451 663 3528 accusati,
680 3451 880 3530 impudenter
901 3455 1034 3516 confessi
1055 3461 1131 3518 sunt

193 3545 320 3616 illorum
334 3546 511 3606 institutum
524 3544 639 3607 talibus
656 3544 838 3608 criminibus
855 3565 924 3608 sese
937 3549 1128 3616 maculasse.
