2518 4144
498 391 726 441 rnonnoounuu.
1039 377 1073 439 ii

144 532 300 596 dialectici
321 535 493 615 quamlibet
507 537 671 599 seientiam
692 555 783 599 suom
801 536 917 597 hebere
933 536 1072 617 topicam,

144 646 219 707 que,
235 626 331 688 veluti
343 646 456 688 nonno
471 628 659 708 disciplinae,
676 629 816 690 humone
830 647 918 688 mens
937 627 978 690 ed
993 627 1076 689 veri·

142 720 218 782 tatis
232 719 462 780 assecutionem
477 721 639 800 dirigatur.
663 723 753 786 Unde
778 725 810 784 et
824 724 932 782 nostro
944 721 1075 784 seientia

142 831 236 873 suem
249 830 373 891 quoque
385 812 522 892 logicum
535 813 652 876 habere
665 814 871 894 dignoscitur.

185 905 248 966 Sed
262 909 295 965 2⁰
309 904 350 964 ad
364 905 486 984 topicam
493 905 659 985 perfectam
679 908 742 968 duo
758 905 971 987 requiruntur,
988 904 1076 966 vido-

141 997 218 1057 lioet
234 1017 240 1057 ε
257 999 291 1056 io
310 1000 345 1057 ut
368 997 469 1058 fontes
482 999 664 1078 operiantur
676 999 759 1060 unde
779 999 925 1060 ven'totes
950 997 1074 1058 haurire

142 1089 321 1162 valeamus3
335 1093 370 1150 2⁰
379 1095 415 1150 ut
424 1091 536 1152 modus
552 1091 703 1154 doceatur
712 1110 774 1172 quo
786 1091 941 1171 possimus
956 1109 994 1150 ex
1009 1089 1075 1150 fon-

142 1181 228 1242 tibus
241 1183 405 1244 veritatem
415 1183 553 1245 haurire.

183 1275 255 1335 iem
269 1292 344 1335 vero
363 1275 464 1337 fontes
475 1275 555 1355 juris
570 1275 712 1337 oenonioi
725 1276 808 1337 unde
827 1276 902 1356 jura
917 1279 948 1336 et
968 1275 1073 1336 officio

142 1365 305 1427 christiani
318 1367 425 1446 populi
438 1367 564 1429 haurire
577 1371 710 1446 oportet,
723 1372 796 1430 sunt
805 1386 941 1429 oenones
949 1373 981 1428 et
989 1367 1074 1447 leges

142 1457 302 1519 Eoolesiae.
325 1459 436 1520 Modus
457 1458 634 1520 inveniendi
658 1460 844 1537 veritatem,
861 1459 892 1520 in
917 1479 950 1520 re
967 1463 1074 1521 nostre

141 1551 358 1629 interpretatio
385 1555 442 1612 est.
458 1553 539 1631 Ergo
559 1552 703 1614 tractatio
719 1556 828 1614 nostre
844 1551 1074 1613 institutionum

143 1642 368 1704 canonicarum
391 1643 422 1704 in
448 1643 526 1704 dues
540 1647 645 1722 portes
669 1644 839 1720 dividitur,
855 1642 1002 1704 videlicet
1020 1643 1073 1704 :in

136 1743 258 1815 parton
271 1737 445 1814 penerolem,
469 1754 539 1817 quae
561 1738 591 1797 1ο
615 1737 653 1798 de
667 1737 805 1798 fontibus
819 1755 874 1797 seu
890 1736 928 1797 do
951 1736 1074 1815 legibus

143 1829 351 1907 generaliter3
367 1833 400 1890 2⁰
412 1829 451 1889 de
468 1829 562 1891 modo
578 1829 774 1892 inveniende}
790 1829 942 1905 veritatis,
964 1847 1019 1889 seu
1035 1828 1074 1887 de

141 1921 399 1999 interpretatione
426 1922 551 2000 legum,
577 1925 706 1996 trertot;
733 1925 765 1984 et
788 1922 819 1982 in
841 1929 960 2002 portem
982 1921 1076 2000 inopie

142 2013 306 2094 specialem,
324 2031 393 2094 quae
406 2013 446 2074 do
464 2013 585 2094 objecto
601 2015 730 2094 proprio
742 2015 822 2096 juris
850 2013 1003 2089 senonici,
1020 2032 1075 2073 seu

145 2105 184 2166 de
202 2104 325 2184 juribus
347 2107 378 2168 et
401 2105 512 2167 officiis
534 2106 711 2168 ohristienae
732 2106 889 2168 societatis
910 2125 930 2166 a
952 2105 1074 2184 legibus

144 2197 292 2259 Eoolesiae
309 2197 524 2259 determinatis
537 2197 685 2276 disputet.
