2542 4122
409 311 448 354 ns
469 308 598 354 osiscro
619 309 702 354 imus
725 308 880 354 cisonio.
1056 295 1113 354 189

179 455 342 532 pariantur
351 472 414 514 nou
429 455 552 513 tantum
562 452 594 512 in
605 452 746 530 personis
759 451 938 528 individuis,
951 452 1113 532 sedetiam

179 548 210 608 in
226 547 357 627 integris
372 546 512 624 collegiis
525 546 722 606 clericorum.

218 641 308 703 Unde
323 640 390 700 haec
404 639 548 700 tractatio
564 639 595 698 in
609 639 688 698 duos
702 638 850 699 articulos
869 638 1040 698 dividenda
1054 643 1111 714 est,

180 751 315 814 quorum
326 733 446 811 primus
462 732 521 792 erit
536 732 574 790 de
590 730 767 792 hierarchia
775 731 1001 810 jurisdictionis
1016 733 1115 792 eccle-

179 827 312 887 siastices
325 826 356 884 in
377 825 506 904 singulis
521 823 641 884 clericis
658 823 867 898 considerata,
885 825 964 885 alter
977 843 1051 886 vero
1076 825 1114 885 de

180 920 239 979 hac
272 919 341 997 ipsa
366 917 543 978 hierarchia
571 917 602 975 in
630 916 769 994 collegiis
791 917 987 977 clericalibus
1013 917 1115 978 consi-

181 1013 301 1073 derata.

501 1157 666 1202 inunctus
682 1157 802 1202 saluus,

263 1301 308 1361 De
322 1299 488 1360 hierarchia
495 1299 715 1379 jurisdictionis
730 1300 760 1360 ia
771 1300 895 1381 singulis
907 1301 1030 1362 clericis.

223 1461 260 1520 ll.
278 1457 470 1534 iurisdictio,
488 1461 522 1518 ut
531 1476 627 1536 supra
641 1459 759 1519 dictum
773 1462 831 1535 est,
844 1459 1051 1520 essentialiter
1062 1460 1117 1520 de-

182 1551 324 1630 legabilis
340 1554 395 1609 est.
405 1552 472 1610 Non
489 1551 692 1611 tantumideo
704 1550 931 1611 consideranda
943 1552 1033 1613 estin
1047 1571 1117 1632 gra-

183 1645 274 1705 dihus
290 1642 476 1720 originariis,
494 1643 599 1703 divino
612 1642 683 1722 jure
701 1643 887 1719 constitutio,
904 1645 1069 1706 sedetiam
1085 1645 1116 1704 in

182 1738 220 1797 iis
241 1736 392 1815 gradihus
408 1735 460 1813 qui
477 1753 514 1794 ex
539 1735 677 1796 humana
691 1737 837 1796 Ecclesiae
859 1736 1053 1798 institutione
1068 1755 1118 1798 ac·

182 1831 353 1890 cesserunt.
377 1831 411 1887 ln
434 1828 492 1888 hac
516 1828 655 1906 generali
676 1829 861 1890 tractatione
885 1829 924 1888 de
940 1828 1119 1890 hierarchia

179 1921 404 2002 jurisdictionis
413 1921 611 1981 considerata
621 1921 650 1978 in
666 1921 787 1980 clericis
802 1920 962 1998 sigillatim
972 1921 1115 1999 sumptis

182 2015 282 2094 primo
296 2013 364 2074 loco
376 2015 414 2072 de
429 2014 466 2074 iis
480 2013 630 2092 gradibus
646 2012 815 2073 dicendum
830 2018 877 2074 est
892 2014 944 2092 qui
960 2034 999 2074 cx
1011 2013 1119 2074 divina

181 2107 373 2169 institutione
395 2111 477 2183 sunt,
494 2105 632 2166 secundo
648 2105 687 2164 de
702 2105 761 2164 illis
784 2105 837 2183 qui
853 2125 891 2164 ex
906 2105 1118 2166 ecclesiastica
1179 2171 1183 2178 ,

184 2204 317 2263 tantum.

304 2359 343 2410 sl.
363 2367 583 2408 pronuntiassem
597 2367 657 2398 susa·
673 2367 703 2398 rx
718 2367 804 2398 rivius
819 2365 998 2398 transsumere.

225 2495 275 2554 lll.
294 2492 403 2565 Quoad
413 2491 548 2569 primum
561 2493 691 2568 spectat,
703 2490 727 2551 si
740 2490 878 2551 divinam
889 2490 1036 2552 Ecclesia
1047 2509 1120 2552 con-

185 2585 378 2647 stitutionem
393 2584 582 2656 recolamus,
602 2583 680 2643 duos
696 2583 871 2643 invenimus
886 2583 1003 2660 gradus
1023 2584 1120 2642 eccle-

186 2679 318 2740 siasticae
330 2676 523 2738 auctoritatis
533 2675 665 2736 tributos
674 2695 693 2736 a
701 2675 822 2736 Christo
833 2674 953 2735 clericis
961 2674 1120 2754 sigillatim

186 2767 1118 2849 sumptis:videlicetpontificatumsupremumetinfcriorem

186 2863 412 2942 episcopatum.
433 2864 630 2939 Quapropter
649 2861 714 2921 sine
738 2859 933 2921 dubitatione
954 2879 1120 2938 possumus

185 2975 326 3017 asserere
339 2954 549 3015 hierarchiam
565 2953 670 3014 divina
685 2953 880 3014 ordinatione
891 2953 973 3014 inter
981 2954 1121 3033 singulos

186 3049 316 3110 clericos
330 3048 514 3123 institutam,
526 3046 642 3124 duplici
653 3046 753 3124 gradu
765 3049 924 3108 constare:
937 3047 1121 3125 pontificatu

186 3141 322 3202 maximo
338 3145 369 3202 et
383 3139 539 3200 inferioris
555 3139 673 3198 ordinis
686 3138 879 3218 episcopatu.

227 3235 289 3297 Sed
317 3234 516 3312 pontificatus
533 3231 688 3292 maximus
711 3251 748 3292 eo
772 3232 839 3310 ipso
860 3232 943 3311 quod
966 3229 1122 3290 maximus

186 3333 248 3405 cst,
265 3328 296 3387 id
313 3330 359 3386 est
373 3345 539 3404 supremus
554 3324 585 3384 in
607 3344 664 3387 suo
680 3325 800 3401 ordine,
815 3324 882 3404 jam
896 3323 955 3383 fuit
968 3340 1025 3399 per
1048 3338 1123 3381 oon-

184 3419 319 3502 seqnens
336 3420 441 3480 divino
467 3418 539 3497 jure
569 3418 710 3479 absolute
726 3422 757 3479 et
771 3415 950 3496 plenissime
976 3413 1123 3473 determi-

190 3518 292 3576 natus

972 3611 1017 3666 u*
