<?xml version="1.0" encoding="UTF-8"?>
<!DOCTYPE html PUBLIC "-//W3C//DTD XHTML 1.0 Transitional//EN"
    "http://www.w3.org/TR/xhtml1/DTD/xhtml1-transitional.dtd">
<html xmlns="http://www.w3.org/1999/xhtml" xml:lang="en" lang="en">
 <head>
  <title>
</title>
<meta http-equiv="Content-Type" content="text/html;charset=utf-8" />
  <meta name='ocr-system' content='tesseract 3.04.00' />
  <meta name='ocr-capabilities' content='ocr_page ocr_carea ocr_par ocr_line ocrx_word'/>
</head>
<body>
  <div class='ocr_page' id='page_1' title='image "./institutionesju03marigoog_0079.png"; bbox 0 0 2518 4144; ppageno 0'>
   <div class='ocr_carea' id='block_1_1' title="bbox 330 385 1073 448">
    <p class='ocr_par' dir='ltr' id='par_1_1' title="bbox 330 385 1073 448">
     <span class='ocr_line' id='line_1_1' title="bbox 330 385 1073 448; baseline 0.012 -9"><span class='ocrx_word' id='word_1_1' title='bbox 330 391 435 440; x_wconf 72' lang='lat' dir='ltr'><strong>necron</strong></span> <span class='ocrx_word' id='word_1_2' title='bbox 457 393 610 442; x_wconf 71' lang='lat' dir='ltr'><strong>senciens</strong></span> <span class='ocrx_word' id='word_1_3' title='bbox 630 395 712 443; x_wconf 81' lang='lat' dir='ltr'><strong>rcus</strong></span> <span class='ocrx_word' id='word_1_4' title='bbox 734 395 887 446; x_wconf 73' lang='lat' dir='ltr'><strong>canonici.</strong></span> <span class='ocrx_word' id='word_1_5' title='bbox 1033 385 1073 448; x_wconf 79' lang='grc'><strong>69</strong></span> 
     </span>
    </p>
   </div>
   <div class='ocr_carea' id='block_1_2' title="bbox 110 535 1072 3319">
    <p class='ocr_par' dir='ltr' id='par_1_2' title="bbox 137 535 1072 880">
     <span class='ocr_line' id='line_1_2' title="bbox 139 535 1072 621; baseline 0.005 -21"><span class='ocrx_word' id='word_1_6' title='bbox 139 536 237 600; x_wconf 89' lang='lat' dir='ltr'><strong>etiam</strong></span> <span class='ocrx_word' id='word_1_7' title='bbox 249 535 315 598; x_wconf 91' lang='lat' dir='ltr'><strong>sine</strong></span> <span class='ocrx_word' id='word_1_8' title='bbox 328 537 409 600; x_wconf 87' lang='lat' dir='ltr'><strong>facto</strong></span> <span class='ocrx_word' id='word_1_9' title='bbox 420 539 549 618; x_wconf 91' lang='lat' dir='ltr'><strong>proprio</strong></span> <span class='ocrx_word' id='word_1_10' title='bbox 564 539 759 602; x_wconf 76' lang='lat' dir='ltr'><strong>auctoritatis</strong></span> <span class='ocrx_word' id='word_1_11' title='bbox 772 539 853 600; x_wconf 85' lang='lat' dir='ltr'><strong>illius</strong></span> <span class='ocrx_word' id='word_1_12' title='bbox 868 559 888 601; x_wconf 92' lang='lat' dir='ltr'><strong>a</strong></span> <span class='ocrx_word' id='word_1_13' title='bbox 901 559 964 621; x_wconf 87' lang='lat' dir='ltr'><strong>qua</strong></span> <span class='ocrx_word' id='word_1_14' title='bbox 977 542 1072 606; x_wconf 81' lang='lat' dir='ltr'><strong>tuerit</strong></span> 
     </span>
     <span class='ocr_line' id='line_1_3' title="bbox 139 631 1072 713; baseline 0.005 -21"><span class='ocrx_word' id='word_1_15' title='bbox 139 631 321 692; x_wconf 87' lang='lat' dir='ltr'><strong>immediate</strong></span> <span class='ocrx_word' id='word_1_16' title='bbox 343 631 417 692; x_wconf 91' lang='lat' dir='ltr'><strong>lata.</strong></span> <span class='ocrx_word' id='word_1_17' title='bbox 448 633 511 694; x_wconf 86' lang='lat' dir='ltr'><strong>Sed</strong></span> <span class='ocrx_word' id='word_1_18' title='bbox 535 633 567 692; x_wconf 94' lang='lat' dir='ltr'><strong>in</strong></span> <span class='ocrx_word' id='word_1_19' title='bbox 596 651 714 713; x_wconf 88' lang='lat' dir='ltr'><strong>genere</strong></span> <span class='ocrx_word' id='word_1_20' title='bbox 740 651 866 712; x_wconf 82' lang='lat' dir='ltr'><strong>semper</strong></span> <span class='ocrx_word' id='word_1_21' title='bbox 893 635 1072 697; x_wconf 79' lang='lat' dir='ltr'><strong>verificatur</strong></span> 
     </span>
     <span class='ocr_line' id='line_1_4' title="bbox 139 725 1071 806; baseline 0.006 -22"><span class='ocrx_word' id='word_1_22' title='bbox 139 725 226 804; x_wconf 90' lang='lat' dir='ltr'><strong>quod</strong></span> <span class='ocrx_word' id='word_1_23' title='bbox 237 725 348 784; x_wconf 88' lang='lat' dir='ltr'><strong>eadem</strong></span> <span class='ocrx_word' id='word_1_24' title='bbox 361 725 546 787; x_wconf 88' lang='lat' dir='ltr'><strong>auctoritate</strong></span> <span class='ocrx_word' id='word_1_25' title='bbox 559 745 622 806; x_wconf 85' lang='lat' dir='ltr'><strong>qua</strong></span> <span class='ocrx_word' id='word_1_26' title='bbox 636 727 721 806; x_wconf 85' lang='lat' dir='ltr'><strong>leges</strong></span> <span class='ocrx_word' id='word_1_27' title='bbox 733 725 805 788; x_wconf 83' lang='lat' dir='ltr'><strong>latae</strong></span> <span class='ocrx_word' id='word_1_28' title='bbox 821 731 904 805; x_wconf 88' lang='lat' dir='ltr'><strong>eunt,</strong></span> <span class='ocrx_word' id='word_1_29' title='bbox 922 731 954 789; x_wconf 92' lang='lat' dir='ltr'><strong>et</strong></span> <span class='ocrx_word' id='word_1_30' title='bbox 964 727 1071 790; x_wconf 80' lang='lat' dir='ltr'><strong>dissol-</strong></span> 
     </span>
     <span class='ocr_line' id='line_1_5' title="bbox 137 821 267 880; baseline -0.015 0"><span class='ocrx_word' id='word_1_31' title='bbox 137 821 267 880; x_wconf 84' lang='lat' dir='ltr'><strong>vuntur.</strong></span> 
     </span>
    </p>

    <p class='ocr_par' dir='ltr' id='par_1_3' title="bbox 135 909 1071 1736">
     <span class='ocr_line' id='line_1_6' title="bbox 179 909 1070 994; baseline 0.002 -22"><span class='ocrx_word' id='word_1_32' title='bbox 179 913 232 973; x_wconf 91' lang='lat' dir='ltr'><strong>lll.</strong></span> <span class='ocrx_word' id='word_1_33' title='bbox 256 909 342 971; x_wconf 84' lang='lat' dir='ltr'><strong>Medi</strong></span> <span class='ocrx_word' id='word_1_34' title='bbox 363 913 468 972; x_wconf 89' lang='lat' dir='ltr'><strong>autem</strong></span> <span class='ocrx_word' id='word_1_35' title='bbox 494 912 607 992; x_wconf 88' lang='lat' dir='ltr'><strong>quibus</strong></span> <span class='ocrx_word' id='word_1_36' title='bbox 631 913 772 974; x_wconf 88' lang='lat' dir='ltr'><strong>revocari</strong></span> <span class='ocrx_word' id='word_1_37' title='bbox 795 916 898 994; x_wconf 86' lang='lat' dir='ltr'><strong>potest</strong></span> <span class='ocrx_word' id='word_1_38' title='bbox 922 913 972 974; x_wconf 89' lang='lat' dir='ltr'><strong>lex</strong></span> <span class='ocrx_word' id='word_1_39' title='bbox 993 913 1070 975; x_wconf 88' lang='lat' dir='ltr'><strong>varii</strong></span> 
     </span>
     <span class='ocr_line' id='line_1_7' title="bbox 137 1003 1070 1088; baseline 0.005 -23"><span class='ocrx_word' id='word_1_40' title='bbox 137 1003 385 1082; x_wconf 86' lang='lat' dir='ltr'><strong>distinguuntur,</strong></span> <span class='ocrx_word' id='word_1_41' title='bbox 394 1003 497 1084; x_wconf 91' lang='lat' dir='ltr'><strong>prouti</strong></span> <span class='ocrx_word' id='word_1_42' title='bbox 511 1005 562 1066; x_wconf 89' lang='lat' dir='ltr'><strong>lex</strong></span> <span class='ocrx_word' id='word_1_43' title='bbox 572 1006 712 1067; x_wconf 85' lang='lat' dir='ltr'><strong>revocari</strong></span> <span class='ocrx_word' id='word_1_44' title='bbox 729 1007 827 1085; x_wconf 87' lang='lat' dir='ltr'><strong>possit</strong></span> <span class='ocrx_word' id='word_1_45' title='bbox 836 1007 886 1069; x_wconf 89' lang='lat' dir='ltr'><strong>vel</strong></span> <span class='ocrx_word' id='word_1_46' title='bbox 897 1026 936 1068; x_wconf 83' lang='lat' dir='ltr'><strong>ex</strong></span> <span class='ocrx_word' id='word_1_47' title='bbox 948 1007 1070 1088; x_wconf 86' lang='lat' dir='ltr'><strong>integro</strong></span> 
     </span>
     <span class='ocr_line' id='line_1_8' title="bbox 137 1097 1071 1180; baseline 0.003 -22"><span class='ocrx_word' id='word_1_48' title='bbox 137 1098 190 1158; x_wconf 89' lang='lat' dir='ltr'><strong>vel</strong></span> <span class='ocrx_word' id='word_1_49' title='bbox 204 1097 237 1156; x_wconf 93' lang='lat' dir='ltr'><strong>in</strong></span> <span class='ocrx_word' id='word_1_50' title='bbox 250 1100 350 1176; x_wconf 82' lang='lat' dir='ltr'><strong>parte,</strong></span> <span class='ocrx_word' id='word_1_51' title='bbox 373 1099 477 1177; x_wconf 89' lang='lat' dir='ltr'><strong>quoad</strong></span> <span class='ocrx_word' id='word_1_52' title='bbox 493 1117 601 1160; x_wconf 88' lang='lat' dir='ltr'><strong>omues</strong></span> <span class='ocrx_word' id='word_1_53' title='bbox 619 1099 670 1159; x_wconf 84' lang='lat' dir='ltr'><strong>vel</strong></span> <span class='ocrx_word' id='word_1_54' title='bbox 693 1101 797 1178; x_wconf 89' lang='lat' dir='ltr'><strong>quoad</strong></span> <span class='ocrx_word' id='word_1_55' title='bbox 818 1101 949 1180; x_wconf 85' lang='lat' dir='ltr'><strong>aliquae.</strong></span> <span class='ocrx_word' id='word_1_56' title='bbox 972 1101 1071 1162; x_wconf 84' lang='lat' dir='ltr'><strong>Revo-</strong></span> 
     </span>
     <span class='ocr_line' id='line_1_9' title="bbox 137 1189 1070 1272; baseline 0.004 -20"><span class='ocrx_word' id='word_1_57' title='bbox 137 1190 222 1252; x_wconf 89' lang='lat' dir='ltr'><strong>catio</strong></span> <span class='ocrx_word' id='word_1_58' title='bbox 247 1189 378 1270; x_wconf 87' lang='lat' dir='ltr'><strong>alicujus</strong></span> <span class='ocrx_word' id='word_1_59' title='bbox 404 1190 482 1269; x_wconf 86' lang='lat' dir='ltr'><strong>legis</strong></span> <span class='ocrx_word' id='word_1_60' title='bbox 508 1210 546 1251; x_wconf 84' lang='lat' dir='ltr'><strong>ex</strong></span> <span class='ocrx_word' id='word_1_61' title='bbox 569 1192 692 1272; x_wconf 89' lang='lat' dir='ltr'><strong>integro</strong></span> <span class='ocrx_word' id='word_1_62' title='bbox 717 1197 792 1254; x_wconf 93' lang='lat' dir='ltr'><strong>tuno</strong></span> <span class='ocrx_word' id='word_1_63' title='bbox 814 1193 928 1254; x_wconf 89' lang='lat' dir='ltr'><strong>accidit</strong></span> <span class='ocrx_word' id='word_1_64' title='bbox 943 1193 1070 1272; x_wconf 87' lang='lat' dir='ltr'><strong>quando</strong></span> 
     </span>
     <span class='ocr_line' id='line_1_10' title="bbox 137 1284 1067 1364; baseline 0.002 -19"><span class='ocrx_word' id='word_1_65' title='bbox 137 1284 247 1363; x_wconf 85' lang='lat' dir='ltr'><strong>eliqua</strong></span> <span class='ocrx_word' id='word_1_66' title='bbox 259 1284 310 1343; x_wconf 90' lang='lat' dir='ltr'><strong>lex</strong></span> <span class='ocrx_word' id='word_1_67' title='bbox 329 1284 434 1363; x_wconf 89' lang='lat' dir='ltr'><strong>quoad</strong></span> <span class='ocrx_word' id='word_1_68' title='bbox 448 1303 520 1344; x_wconf 87' lang='lat' dir='ltr'><strong>suas</strong></span> <span class='ocrx_word' id='word_1_69' title='bbox 534 1303 641 1346; x_wconf 91' lang='lat' dir='ltr'><strong>omnes</strong></span> <span class='ocrx_word' id='word_1_70' title='bbox 665 1285 883 1364; x_wconf 86' lang='lat' dir='ltr'><strong>dispositiones</strong></span> <span class='ocrx_word' id='word_1_71' title='bbox 900 1286 1044 1347; x_wconf 83' lang='lat' dir='ltr'><strong>aboletur</strong></span> <span class='ocrx_word' id='word_1_72' title='bbox 1059 1305 1067 1348; x_wconf 76' lang='grc' dir='ltr'><strong><em>ε</em></strong></span> 
     </span>
     <span class='ocr_line' id='line_1_11' title="bbox 137 1376 1069 1458; baseline 0.004 -22"><span class='ocrx_word' id='word_1_73' title='bbox 137 1378 209 1438; x_wconf 89' lang='lat' dir='ltr'><strong>haec</strong></span> <span class='ocrx_word' id='word_1_74' title='bbox 223 1376 379 1438; x_wconf 82' lang='lat' dir='ltr'><strong>revocatio</strong></span> <span class='ocrx_word' id='word_1_75' title='bbox 396 1377 509 1438; x_wconf 88' lang='lat' dir='ltr'><strong>dicitur</strong></span> <span class='ocrx_word' id='word_1_76' title='bbox 523 1377 685 1458; x_wconf 70' lang='lat' dir='ltr'><strong>adrogatio.</strong></span> <span class='ocrx_word' id='word_1_77' title='bbox 710 1378 879 1440; x_wconf 86' lang='lat' dir='ltr'><strong>Revocatio</strong></span> <span class='ocrx_word' id='word_1_78' title='bbox 900 1397 957 1458; x_wconf 89' lang='lat' dir='ltr'><strong>pro</strong></span> <span class='ocrx_word' id='word_1_79' title='bbox 979 1381 1069 1458; x_wconf 86' lang='lat' dir='ltr'><strong>parte</strong></span> 
     </span>
     <span class='ocr_line' id='line_1_12' title="bbox 136 1469 1070 1552; baseline 0.001 -21"><span class='ocrx_word' id='word_1_80' title='bbox 136 1472 175 1532; x_wconf 88' lang='lat' dir='ltr'><strong>fit</strong></span> <span class='ocrx_word' id='word_1_81' title='bbox 189 1469 314 1550; x_wconf 89' lang='lat' dir='ltr'><strong>quando</strong></span> <span class='ocrx_word' id='word_1_82' title='bbox 329 1469 420 1529; x_wconf 86' lang='lat' dir='ltr'><strong>firma</strong></span> <span class='ocrx_word' id='word_1_83' title='bbox 434 1473 580 1531; x_wconf 88' lang='lat' dir='ltr'><strong>manente</strong></span> <span class='ocrx_word' id='word_1_84' title='bbox 595 1470 664 1550; x_wconf 90' lang='lat' dir='ltr'><strong>lege</strong></span> <span class='ocrx_word' id='word_1_85' title='bbox 675 1471 706 1532; x_wconf 93' lang='lat' dir='ltr'><strong>in</strong></span> <span class='ocrx_word' id='word_1_86' title='bbox 717 1489 844 1550; x_wconf 86' lang='lat' dir='ltr'><strong>genere,</strong></span> <span class='ocrx_word' id='word_1_87' title='bbox 858 1471 962 1552; x_wconf 90' lang='lat' dir='ltr'><strong>quoad</strong></span> <span class='ocrx_word' id='word_1_88' title='bbox 976 1489 1070 1552; x_wconf 87' lang='lat' dir='ltr'><strong>quae-</strong></span> 
     </span>
     <span class='ocr_line' id='line_1_13' title="bbox 137 1562 1070 1642; baseline 0.003 -19"><span class='ocrx_word' id='word_1_89' title='bbox 137 1564 214 1623; x_wconf 90' lang='lat' dir='ltr'><strong>dam</strong></span> <span class='ocrx_word' id='word_1_90' title='bbox 228 1580 300 1622; x_wconf 87' lang='lat' dir='ltr'><strong>suas</strong></span> <span class='ocrx_word' id='word_1_91' title='bbox 315 1562 533 1641; x_wconf 83' lang='lat' dir='ltr'><strong>dispositiones</strong></span> <span class='ocrx_word' id='word_1_92' title='bbox 543 1563 575 1622; x_wconf 91' lang='lat' dir='ltr'><strong>in</strong></span> <span class='ocrx_word' id='word_1_93' title='bbox 586 1563 690 1642; x_wconf 88' lang='lat' dir='ltr'><strong>specie</strong></span> <span class='ocrx_word' id='word_1_94' title='bbox 701 1564 855 1627; x_wconf 88' lang='lat' dir='ltr'><strong>aboletur.</strong></span> <span class='ocrx_word' id='word_1_95' title='bbox 870 1567 944 1626; x_wconf 78' lang='lat' dir='ltr'><strong>Hac</strong></span> <span class='ocrx_word' id='word_1_96' title='bbox 956 1563 1070 1626; x_wconf 86' lang='lat' dir='ltr'><strong>dicitur</strong></span> 
     </span>
     <span class='ocr_line' id='line_1_14' title="bbox 135 1655 300 1736; baseline -0.012 -18"><span class='ocrx_word' id='word_1_97' title='bbox 135 1655 300 1736; x_wconf 69' lang='lat' dir='ltr'><strong>derepere.</strong></span> 
     </span>
    </p>

    <p class='ocr_par' dir='ltr' id='par_1_4' title="bbox 133 1747 1071 2571">
     <span class='ocr_line' id='line_1_15' title="bbox 178 1747 1069 1832; baseline 0.002 -22"><span class='ocrx_word' id='word_1_98' title='bbox 178 1752 253 1810; x_wconf 85' lang='lat' dir='ltr'><strong>Haec</strong></span> <span class='ocrx_word' id='word_1_99' title='bbox 265 1747 428 1826; x_wconf 87' lang='lat' dir='ltr'><strong>abrogatio</strong></span> <span class='ocrx_word' id='word_1_100' title='bbox 450 1749 500 1810; x_wconf 87' lang='lat' dir='ltr'><strong>vel</strong></span> <span class='ocrx_word' id='word_1_101' title='bbox 513 1749 675 1830; x_wconf 81' lang='lat' dir='ltr'><strong>derogatio</strong></span> <span class='ocrx_word' id='word_1_102' title='bbox 689 1749 757 1811; x_wconf 83' lang='lat' dir='ltr'><strong>lieri</strong></span> <span class='ocrx_word' id='word_1_103' title='bbox 774 1754 878 1832; x_wconf 86' lang='lat' dir='ltr'><strong>potest</strong></span> <span class='ocrx_word' id='word_1_104' title='bbox 891 1751 996 1832; x_wconf 86' lang='lat' dir='ltr'><strong>quoad</strong></span> <span class='ocrx_word' id='word_1_105' title='bbox 1010 1771 1069 1812; x_wconf 89' lang='lat' dir='ltr'><strong>cm-</strong></span> 
     </span>
     <span class='ocr_line' id='line_1_16' title="bbox 133 1841 1071 1925; baseline 0.001 -21"><span class='ocrx_word' id='word_1_106' title='bbox 133 1863 197 1920; x_wconf 80' lang='lat' dir='ltr'><strong>cee,</strong></span> <span class='ocrx_word' id='word_1_107' title='bbox 210 1842 261 1903; x_wconf 85' lang='lat' dir='ltr'><strong>vel</strong></span> <span class='ocrx_word' id='word_1_108' title='bbox 276 1841 379 1921; x_wconf 89' lang='lat' dir='ltr'><strong>quoad</strong></span> <span class='ocrx_word' id='word_1_109' title='bbox 391 1843 543 1903; x_wconf 80' lang='lat' dir='ltr'><strong>concellus</strong></span> <span class='ocrx_word' id='word_1_110' title='bbox 553 1844 598 1904; x_wconf 80' lang='lat' dir='ltr'><strong>de</strong></span> <span class='ocrx_word' id='word_1_111' title='bbox 608 1844 676 1924; x_wconf 90' lang='lat' dir='ltr'><strong>ipsa</strong></span> <span class='ocrx_word' id='word_1_112' title='bbox 688 1845 922 1922; x_wconf 86' lang='lat' dir='ltr'><strong>communitate,</strong></span> <span class='ocrx_word' id='word_1_113' title='bbox 935 1863 992 1924; x_wconf 92' lang='lat' dir='ltr'><strong>pro</strong></span> <span class='ocrx_word' id='word_1_114' title='bbox 1008 1863 1071 1925; x_wconf 86' lang='lat' dir='ltr'><strong>qua</strong></span> 
     </span>
     <span class='ocr_line' id='line_1_17' title="bbox 133 1936 1070 2016; baseline 0 -18"><span class='ocrx_word' id='word_1_115' title='bbox 133 1938 223 2016; x_wconf 87' lang='lat' dir='ltr'><strong>leges</strong></span> <span class='ocrx_word' id='word_1_116' title='bbox 238 1936 390 1996; x_wconf 89' lang='lat' dir='ltr'><strong>feruntur.</strong></span> <span class='ocrx_word' id='word_1_117' title='bbox 408 1936 439 1997; x_wconf 87' lang='lat' dir='ltr'><strong>si</strong></span> <span class='ocrx_word' id='word_1_118' title='bbox 450 1955 507 2015; x_wconf 91' lang='lat' dir='ltr'><strong>pro</strong></span> <span class='ocrx_word' id='word_1_119' title='bbox 517 1937 665 1998; x_wconf 84' lang='lat' dir='ltr'><strong>universa</strong></span> <span class='ocrx_word' id='word_1_120' title='bbox 680 1937 1070 2014; x_wconf 86' lang='lat' dir='ltr'><strong>communitate,sstmodis</strong></span> 
     </span>
     <span class='ocr_line' id='line_1_18' title="bbox 135 2027 1069 2108; baseline -0.002 -16"><span class='ocrx_word' id='word_1_121' title='bbox 135 2027 301 2092; x_wconf 75' lang='lat' dir='ltr'><strong>contrariis</strong></span> <span class='ocrx_word' id='word_1_122' title='bbox 316 2027 376 2089; x_wconf 91' lang='lat' dir='ltr'><strong>illis</strong></span> <span class='ocrx_word' id='word_1_123' title='bbox 392 2029 504 2108; x_wconf 86' lang='lat' dir='ltr'><strong>quibus</strong></span> <span class='ocrx_word' id='word_1_124' title='bbox 526 2029 577 2090; x_wconf 88' lang='lat' dir='ltr'><strong>lex</strong></span> <span class='ocrx_word' id='word_1_125' title='bbox 600 2049 657 2108; x_wconf 92' lang='lat' dir='ltr'><strong>pro</strong></span> <span class='ocrx_word' id='word_1_126' title='bbox 681 2030 829 2090; x_wconf 87' lang='lat' dir='ltr'><strong>universa</strong></span> <span class='ocrx_word' id='word_1_127' title='bbox 846 2029 1069 2090; x_wconf 80' lang='lat' dir='ltr'><strong>communitate</strong></span> 
     </span>
     <span class='ocr_line' id='line_1_19' title="bbox 135 2119 1070 2200; baseline -0.004 -18"><span class='ocrx_word' id='word_1_128' title='bbox 135 2123 196 2183; x_wconf 88' lang='lat' dir='ltr'><strong>fuit</strong></span> <span class='ocrx_word' id='word_1_129' title='bbox 224 2121 363 2182; x_wconf 90' lang='lat' dir='ltr'><strong>inducta.</strong></span> <span class='ocrx_word' id='word_1_130' title='bbox 380 2122 442 2182; x_wconf 88' lang='lat' dir='ltr'><strong>Sed</strong></span> <span class='ocrx_word' id='word_1_131' title='bbox 462 2122 512 2182; x_wconf 86' lang='lat' dir='ltr'><strong>lex</strong></span> <span class='ocrx_word' id='word_1_132' title='bbox 527 2140 585 2200; x_wconf 91' lang='lat' dir='ltr'><strong>pro</strong></span> <span class='ocrx_word' id='word_1_133' title='bbox 609 2121 756 2182; x_wconf 88' lang='lat' dir='ltr'><strong>universa</strong></span> <span class='ocrx_word' id='word_1_134' title='bbox 777 2119 1000 2180; x_wconf 84' lang='lat' dir='ltr'><strong>communitate</strong></span> <span class='ocrx_word' id='word_1_135' title='bbox 1025 2119 1070 2179; x_wconf 92' lang='lat' dir='ltr'><strong>in·</strong></span> 
     </span>
     <span class='ocr_line' id='line_1_20' title="bbox 135 2211 1070 2294; baseline -0.004 -18"><span class='ocrx_word' id='word_1_136' title='bbox 135 2217 234 2276; x_wconf 89' lang='lat' dir='ltr'><strong>ducta</strong></span> <span class='ocrx_word' id='word_1_137' title='bbox 248 2217 295 2275; x_wconf 86' lang='lat' dir='ltr'><strong>eet</strong></span> <span class='ocrx_word' id='word_1_138' title='bbox 309 2214 359 2274; x_wconf 90' lang='lat' dir='ltr'><strong>vel</strong></span> <span class='ocrx_word' id='word_1_139' title='bbox 370 2215 622 2294; x_wconf 80' lang='lat' dir='ltr'><strong>promulgatione</strong></span> <span class='ocrx_word' id='word_1_140' title='bbox 638 2213 687 2273; x_wconf 86' lang='lat' dir='ltr'><strong>vel</strong></span> <span class='ocrx_word' id='word_1_141' title='bbox 702 2211 926 2273; x_wconf 83' lang='lat' dir='ltr'><strong>consuetudine</strong></span> <span class='ocrx_word' id='word_1_142' title='bbox 937 2231 945 2283; x_wconf 88' lang='grc'><strong>;</strong></span> <span class='ocrx_word' id='word_1_143' title='bbox 958 2211 1002 2272; x_wconf 86' lang='lat' dir='ltr'><strong>ita</strong></span> <span class='ocrx_word' id='word_1_144' title='bbox 1013 2229 1070 2289; x_wconf 92' lang='lat' dir='ltr'><strong>pro</strong></span> 
     </span>
     <span class='ocr_line' id='line_1_21' title="bbox 134 2304 1071 2385; baseline -0.002 -17"><span class='ocrx_word' id='word_1_145' title='bbox 134 2309 262 2385; x_wconf 85' lang='lat' dir='ltr'><strong>integra</strong></span> <span class='ocrx_word' id='word_1_146' title='bbox 276 2307 499 2368; x_wconf 85' lang='lat' dir='ltr'><strong>communitate</strong></span> <span class='ocrx_word' id='word_1_147' title='bbox 513 2306 651 2368; x_wconf 86' lang='lat' dir='ltr'><strong>abolitur</strong></span> <span class='ocrx_word' id='word_1_148' title='bbox 664 2305 715 2367; x_wconf 83' lang='lat' dir='ltr'><strong>vel</strong></span> <span class='ocrx_word' id='word_1_149' title='bbox 733 2304 983 2384; x_wconf 84' lang='lat' dir='ltr'><strong>promulgatione</strong></span> <span class='ocrx_word' id='word_1_150' title='bbox 999 2321 1071 2366; x_wconf 87' lang='lat' dir='ltr'><strong>con·</strong></span> 
     </span>
     <span class='ocr_line' id='line_1_22' title="bbox 134 2397 1071 2478; baseline 0 -16"><span class='ocrx_word' id='word_1_151' title='bbox 134 2399 236 2462; x_wconf 85' lang='lat' dir='ltr'><strong>traria</strong></span> <span class='ocrx_word' id='word_1_152' title='bbox 252 2417 321 2478; x_wconf 88' lang='lat' dir='ltr'><strong>quae</strong></span> <span class='ocrx_word' id='word_1_153' title='bbox 336 2400 545 2461; x_wconf 80' lang='lat' dir='ltr'><strong>revocationem</strong></span> <span class='ocrx_word' id='word_1_154' title='bbox 558 2399 659 2478; x_wconf 84' lang='lat' dir='ltr'><strong>audit,</strong></span> <span class='ocrx_word' id='word_1_155' title='bbox 671 2399 721 2461; x_wconf 87' lang='lat' dir='ltr'><strong>vel</strong></span> <span class='ocrx_word' id='word_1_156' title='bbox 732 2397 891 2460; x_wconf 89' lang='lat' dir='ltr'><strong>contraria</strong></span> <span class='ocrx_word' id='word_1_157' title='bbox 905 2401 1071 2462; x_wconf 87' lang='lat' dir='ltr'><strong>cousuetu-</strong></span> 
     </span>
     <span class='ocr_line' id='line_1_23' title="bbox 134 2491 634 2571; baseline 0 -17"><span class='ocrx_word' id='word_1_158' title='bbox 134 2493 222 2569; x_wconf 85' lang='lat' dir='ltr'><strong>dine,</strong></span> <span class='ocrx_word' id='word_1_159' title='bbox 241 2511 310 2571; x_wconf 86' lang='lat' dir='ltr'><strong>quae</strong></span> <span class='ocrx_word' id='word_1_160' title='bbox 324 2491 478 2553; x_wconf 78' lang='lat' dir='ltr'><strong>desuetudo</strong></span> <span class='ocrx_word' id='word_1_161' title='bbox 492 2497 634 2555; x_wconf 88' lang='lat' dir='ltr'><strong>vocatur.</strong></span> 
     </span>
    </p>

    <p class='ocr_par' dir='ltr' id='par_1_5' title="bbox 110 2585 1071 3319">
     <span class='ocr_line' id='line_1_24' title="bbox 178 2585 1070 2666; baseline -0.001 -20"><span class='ocrx_word' id='word_1_162' title='bbox 178 2587 253 2646; x_wconf 87' lang='lat' dir='ltr'><strong>Haec</strong></span> <span class='ocrx_word' id='word_1_163' title='bbox 278 2585 436 2647; x_wconf 87' lang='lat' dir='ltr'><strong>contraria</strong></span> <span class='ocrx_word' id='word_1_164' title='bbox 458 2585 670 2666; x_wconf 80' lang='lat' dir='ltr'><strong>promulgatio</strong></span> <span class='ocrx_word' id='word_1_165' title='bbox 697 2603 752 2646; x_wconf 86' lang='lat' dir='ltr'><strong>eeu</strong></span> <span class='ocrx_word' id='word_1_166' title='bbox 771 2585 930 2647; x_wconf 89' lang='lat' dir='ltr'><strong>revocatio</strong></span> <span class='ocrx_word' id='word_1_167' title='bbox 955 2585 1070 2663; x_wconf 89' lang='lat' dir='ltr'><strong>duplex</strong></span> 
     </span>
     <span class='ocr_line' id='line_1_25' title="bbox 135 2677 1066 2758; baseline -0.004 -18"><span class='ocrx_word' id='word_1_168' title='bbox 135 2697 206 2740; x_wconf 84' lang='lat' dir='ltr'><strong>esse</strong></span> <span class='ocrx_word' id='word_1_169' title='bbox 222 2681 325 2757; x_wconf 85' lang='lat' dir='ltr'><strong>potest</strong></span> <span class='ocrx_word' id='word_1_170' title='bbox 341 2699 347 2740; x_wconf 93' lang='lat'><strong>:</strong></span> <span class='ocrx_word' id='word_1_171' title='bbox 366 2698 514 2758; x_wconf 82' lang='lat' dir='ltr'><strong>expressa</strong></span> <span class='ocrx_word' id='word_1_172' title='bbox 536 2679 684 2740; x_wconf 87' lang='lat' dir='ltr'><strong>videlicet</strong></span> <span class='ocrx_word' id='word_1_173' title='bbox 706 2679 756 2739; x_wconf 87' lang='lat' dir='ltr'><strong>vel</strong></span> <span class='ocrx_word' id='word_1_174' title='bbox 779 2679 884 2739; x_wconf 89' lang='lat' dir='ltr'><strong>tacita.</strong></span> <span class='ocrx_word' id='word_1_175' title='bbox 903 2677 1066 2756; x_wconf 69' lang='lat' dir='ltr'><strong>Expresso,</strong></span> 
     </span>
     <span class='ocr_line' id='line_1_26' title="bbox 110 2769 1069 2851; baseline -0.001 -18"><span class='ocrx_word' id='word_1_176' title='bbox 110 2775 114 2781; x_wconf 82' lang='lat'><em>&#39;</em></span> <span class='ocrx_word' id='word_1_177' title='bbox 133 2773 161 2834; x_wconf 87' lang='lat' dir='ltr'><strong>ei</strong></span> <span class='ocrx_word' id='word_1_178' title='bbox 186 2772 346 2850; x_wconf 88' lang='lat' dir='ltr'><strong>conceptis</strong></span> <span class='ocrx_word' id='word_1_179' title='bbox 360 2771 465 2832; x_wconf 83' lang='lat' dir='ltr'><strong>verbis</strong></span> <span class='ocrx_word' id='word_1_180' title='bbox 479 2773 697 2851; x_wconf 80' lang='lat' dir='ltr'><strong>promulgetur</strong></span> <span class='ocrx_word' id='word_1_181' title='bbox 720 2789 775 2831; x_wconf 91' lang='lat' dir='ltr'><strong>seu</strong></span> <span class='ocrx_word' id='word_1_182' title='bbox 799 2771 976 2831; x_wconf 87' lang='lat' dir='ltr'><strong>declaretur</strong></span> <span class='ocrx_word' id='word_1_183' title='bbox 991 2769 1069 2832; x_wconf 90' lang='lat' dir='ltr'><strong>anti·</strong></span> 
     </span>
     <span class='ocr_line' id='line_1_27' title="bbox 134 2863 1067 2948; baseline -0.001 -20"><span class='ocrx_word' id='word_1_184' title='bbox 134 2885 234 2948; x_wconf 89' lang='lat' dir='ltr'><strong>quam</strong></span> <span class='ocrx_word' id='word_1_185' title='bbox 246 2865 349 2944; x_wconf 86' lang='lat' dir='ltr'><strong>legem</strong></span> <span class='ocrx_word' id='word_1_186' title='bbox 362 2865 495 2944; x_wconf 88' lang='lat' dir='ltr'><strong>amplius</strong></span> <span class='ocrx_word' id='word_1_187' title='bbox 508 2883 571 2926; x_wconf 90' lang='lat' dir='ltr'><strong>nou</strong></span> <span class='ocrx_word' id='word_1_188' title='bbox 584 2865 724 2944; x_wconf 89' lang='lat' dir='ltr'><strong>obligare</strong></span> <span class='ocrx_word' id='word_1_189' title='bbox 738 2864 788 2924; x_wconf 90' lang='lat' dir='ltr'><strong>vel</strong></span> <span class='ocrx_word' id='word_1_190' title='bbox 800 2863 949 2925; x_wconf 86' lang='lat' dir='ltr'><strong>abolitam</strong></span> <span class='ocrx_word' id='word_1_191' title='bbox 961 2863 1067 2928; x_wconf 85' lang='lat' dir='ltr'><strong>fuisse.</strong></span> 
     </span>
     <span class='ocr_line' id='line_1_28' title="bbox 136 2956 1070 3036; baseline -0.004 -14"><span class='ocrx_word' id='word_1_192' title='bbox 136 2959 251 3034; x_wconf 81' lang='lat' dir='ltr'><strong>Tacito,</strong></span> <span class='ocrx_word' id='word_1_193' title='bbox 262 2958 287 3018; x_wconf 86' lang='lat' dir='ltr'><strong>si</strong></span> <span class='ocrx_word' id='word_1_194' title='bbox 303 2975 385 3020; x_wconf 91' lang='lat' dir='ltr'><strong>nova</strong></span> <span class='ocrx_word' id='word_1_195' title='bbox 397 2958 446 3018; x_wconf 87' lang='lat' dir='ltr'><strong>lex</strong></span> <span class='ocrx_word' id='word_1_196' title='bbox 463 2959 574 3019; x_wconf 85' lang='lat' dir='ltr'><strong>edatur</strong></span> <span class='ocrx_word' id='word_1_197' title='bbox 588 2957 687 3018; x_wconf 82' lang='lat' dir='ltr'><strong>veteri</strong></span> <span class='ocrx_word' id='word_1_198' title='bbox 698 2956 865 3034; x_wconf 90' lang='lat' dir='ltr'><strong>contraria,</strong></span> <span class='ocrx_word' id='word_1_199' title='bbox 875 2975 944 3036; x_wconf 86' lang='lat' dir='ltr'><strong>quae</strong></span> <span class='ocrx_word' id='word_1_200' title='bbox 957 2975 1070 3036; x_wconf 90' lang='lat' dir='ltr'><strong>nempe</strong></span> 
     </span>
     <span class='ocr_line' id='line_1_29' title="bbox 135 3049 1071 3130; baseline -0.001 -17"><span class='ocrx_word' id='word_1_201' title='bbox 135 3071 210 3114; x_wconf 91' lang='lat' dir='ltr'><strong>cum</strong></span> <span class='ocrx_word' id='word_1_202' title='bbox 227 3070 264 3112; x_wconf 88' lang='lat' dir='ltr'><strong>ea</strong></span> <span class='ocrx_word' id='word_1_203' title='bbox 277 3051 437 3112; x_wconf 88' lang='lat' dir='ltr'><strong>conciliari</strong></span> <span class='ocrx_word' id='word_1_204' title='bbox 449 3071 512 3112; x_wconf 90' lang='lat' dir='ltr'><strong>non</strong></span> <span class='ocrx_word' id='word_1_205' title='bbox 524 3051 633 3130; x_wconf 81' lang='lat' dir='ltr'><strong>possit.</strong></span> <span class='ocrx_word' id='word_1_206' title='bbox 646 3053 734 3111; x_wconf 79' lang='lat' dir='ltr'><strong>Tunc</strong></span> <span class='ocrx_word' id='word_1_207' title='bbox 746 3067 817 3110; x_wconf 87' lang='lat' dir='ltr'><strong>cum</strong></span> <span class='ocrx_word' id='word_1_208' title='bbox 828 3049 1071 3112; x_wconf 89' lang='lat' dir='ltr'><strong>contradictoria</strong></span> 
     </span>
     <span class='ocr_line' id='line_1_30' title="bbox 133 3141 1068 3224; baseline -0.002 -16"><span class='ocrx_word' id='word_1_209' title='bbox 133 3147 283 3208; x_wconf 85' lang='lat' dir='ltr'><strong>voluntas</strong></span> <span class='ocrx_word' id='word_1_210' title='bbox 300 3145 484 3224; x_wconf 85' lang='lat' dir='ltr'><strong>imperantis</strong></span> <span class='ocrx_word' id='word_1_211' title='bbox 503 3145 536 3206; x_wconf 89' lang='lat' dir='ltr'><strong>in</strong></span> <span class='ocrx_word' id='word_1_212' title='bbox 557 3141 670 3204; x_wconf 90' lang='lat' dir='ltr'><strong>iisdem</strong></span> <span class='ocrx_word' id='word_1_213' title='bbox 690 3143 785 3204; x_wconf 87' lang='lat' dir='ltr'><strong>rebus</strong></span> <span class='ocrx_word' id='word_1_214' title='bbox 800 3161 867 3204; x_wconf 85' lang='lat' dir='ltr'><strong>esee</strong></span> <span class='ocrx_word' id='word_1_215' title='bbox 882 3163 946 3206; x_wconf 89' lang='lat' dir='ltr'><strong>nco</strong></span> <span class='ocrx_word' id='word_1_216' title='bbox 960 3143 1068 3223; x_wconf 84' lang='lat' dir='ltr'><strong>possit,</strong></span> 
     </span>
     <span class='ocr_line' id='line_1_31' title="bbox 135 3237 1071 3319; baseline -0.007 -17"><span class='ocrx_word' id='word_1_217' title='bbox 135 3257 333 3319; x_wconf 86' lang='lat' dir='ltr'><strong>consequeus</strong></span> <span class='ocrx_word' id='word_1_218' title='bbox 358 3242 405 3300; x_wconf 80' lang='lat' dir='ltr'><strong>est</strong></span> <span class='ocrx_word' id='word_1_219' title='bbox 430 3238 514 3319; x_wconf 90' lang='lat' dir='ltr'><strong>quod</strong></span> <span class='ocrx_word' id='word_1_220' title='bbox 542 3237 567 3298; x_wconf 92' lang='lat' dir='ltr'><strong>si</strong></span> <span class='ocrx_word' id='word_1_221' title='bbox 591 3255 674 3298; x_wconf 87' lang='lat' dir='ltr'><strong>nova</strong></span> <span class='ocrx_word' id='word_1_222' title='bbox 700 3237 903 3315; x_wconf 89' lang='lat' dir='ltr'><strong>producatur,</strong></span> <span class='ocrx_word' id='word_1_223' title='bbox 931 3239 1071 3297; x_wconf 90' lang='lat' dir='ltr'><strong>veterem</strong></span> 
     </span>
    </p>
   </div>
   <div class='ocr_carea' id='block_1_3' title="bbox 21 3327 1070 3396">
    <p class='ocr_par' dir='ltr' id='par_1_6' title="bbox 21 3327 1070 3396">
     <span class='ocr_line' id='line_1_32' title="bbox 21 3327 1070 3396; baseline -0.008 0"><span class='ocrx_word' id='word_1_224' title='bbox 21 3379 26 3385; x_wconf 81' lang='lat'><em>·</em></span> <span class='ocrx_word' id='word_1_225' title='bbox 134 3333 234 3396; x_wconf 89' lang='lat' dir='ltr'><strong>tollat.</strong></span> <span class='ocrx_word' id='word_1_226' title='bbox 251 3330 387 3393; x_wconf 89' lang='lat' dir='ltr'><strong>Proinde</strong></span> <span class='ocrx_word' id='word_1_227' title='bbox 407 3351 479 3392; x_wconf 89' lang='lat' dir='ltr'><strong>cum</strong></span> <span class='ocrx_word' id='word_1_228' title='bbox 494 3349 577 3392; x_wconf 83' lang='lat' dir='ltr'><strong>nova</strong></span> <span class='ocrx_word' id='word_1_229' title='bbox 599 3331 650 3390; x_wconf 83' lang='lat' dir='ltr'><strong>lex</strong></span> <span class='ocrx_word' id='word_1_230' title='bbox 672 3329 756 3390; x_wconf 91' lang='lat' dir='ltr'><strong>edita</strong></span> <span class='ocrx_word' id='word_1_231' title='bbox 769 3330 863 3391; x_wconf 90' lang='lat' dir='ltr'><strong>fuerit</strong></span> <span class='ocrx_word' id='word_1_232' title='bbox 887 3347 958 3391; x_wconf 94' lang='lat' dir='ltr'><strong>cum</strong></span> <span class='ocrx_word' id='word_1_233' title='bbox 971 3327 1070 3388; x_wconf 89' lang='lat' dir='ltr'><strong>veteri</strong></span> 
     </span>
    </p>
   </div>
   <div class='ocr_carea' id='block_1_4' title="bbox 134 3417 1070 3602">
    <p class='ocr_par' dir='ltr' id='par_1_7' title="bbox 134 3417 1070 3602">
     <span class='ocr_line' id='line_1_33' title="bbox 134 3417 1070 3502; baseline -0.011 -13"><span class='ocrx_word' id='word_1_234' title='bbox 134 3425 386 3502; x_wconf 77' lang='lat' dir='ltr'><strong>inconciliabiliS,</strong></span> <span class='ocrx_word' id='word_1_235' title='bbox 408 3425 458 3486; x_wconf 91' lang='lat' dir='ltr'><strong>vel</strong></span> <span class='ocrx_word' id='word_1_236' title='bbox 471 3427 522 3486; x_wconf 87' lang='lat' dir='ltr'><strong>lex</strong></span> <span class='ocrx_word' id='word_1_237' title='bbox 537 3427 628 3485; x_wconf 83' lang='lat' dir='ltr'><strong>vetus</strong></span> <span class='ocrx_word' id='word_1_238' title='bbox 643 3423 815 3502; x_wconf 86' lang='lat' dir='ltr'><strong>abrogatur</strong></span> <span class='ocrx_word' id='word_1_239' title='bbox 836 3421 886 3484; x_wconf 85' lang='lat' dir='ltr'><strong>vel</strong></span> <span class='ocrx_word' id='word_1_240' title='bbox 901 3419 1011 3481; x_wconf 88' lang='lat' dir='ltr'><strong>saltem</strong></span> <span class='ocrx_word' id='word_1_241' title='bbox 1025 3417 1070 3481; x_wconf 88' lang='lat' dir='ltr'><strong>illi</strong></span> 
     </span>
     <span class='ocr_line' id='line_1_34' title="bbox 135 3521 320 3602; baseline -0.005 -19"><span class='ocrx_word' id='word_1_242' title='bbox 135 3521 320 3602; x_wconf 85' lang='lat' dir='ltr'><strong>derogatur.</strong></span> 
     </span>
    </p>
   </div>
   <div class='ocr_carea' id='block_1_5' title="bbox 173 3603 1071 3695">
    <p class='ocr_par' dir='ltr' id='par_1_8' title="bbox 173 3603 1071 3695">
     <span class='ocr_line' id='line_1_35' title="bbox 173 3603 1071 3695; baseline -0.008 -20"><span class='ocrx_word' id='word_1_243' title='bbox 173 3611 341 3681; x_wconf 80' lang='lat' dir='ltr'><strong>Deeoetedo</strong></span> <span class='ocrx_word' id='word_1_244' title='bbox 357 3629 443 3688; x_wconf 88' lang='lat' dir='ltr'><strong>vero,</strong></span> <span class='ocrx_word' id='word_1_245' title='bbox 459 3627 528 3695; x_wconf 82' lang='lat' dir='ltr'><strong>quae</strong></span> <span class='ocrx_word' id='word_1_246' title='bbox 544 3606 762 3671; x_wconf 87' lang='lat' dir='ltr'><strong>consuetudini</strong></span> <span class='ocrx_word' id='word_1_247' title='bbox 781 3603 959 3686; x_wconf 88' lang='lat' dir='ltr'><strong>opponitur,</strong></span> <span class='ocrx_word' id='word_1_248' title='bbox 977 3603 1071 3668; x_wconf 90' lang='lat' dir='ltr'><strong>debet</strong></span> 
     </span>
    </p>
   </div>
   <div class='ocr_carea' id='block_1_6' title="bbox 0 0 1264 4144">
    <p class='ocr_par' dir='ltr' id='par_1_9' title="bbox 0 0 1264 4144">
     <span class='ocr_line' id='line_1_36' title="bbox 0 0 1264 4144; baseline 0 1"><span class='ocrx_word' id='word_1_249' title='bbox 0 0 1264 4144; x_wconf 95' lang='lat' dir='ltr'><strong> </strong></span> 
     </span>
    </p>
   </div>
  </div>
 </body>
</html>
