2502 4130
376 377 415 423 nc
437 375 566 424 onrncro
586 377 669 424 rums
691 371 846 424 canotum.
1020 365 1079 428 319

145 521 340 602 primitivam
365 521 508 600 regulam
533 521 714 599 Benedicti,
742 519 865 602 singula
889 523 1081 586 monasteria

145 618 252 676 essent
276 614 412 676 invicem
432 614 692 694 independentia,
717 617 824 676 tamen
853 631 910 694 per
930 599 1079 678 reform‘a·

144 708 248 771 tiones
271 707 523 770 cluniacensium
547 712 578 770 et
598 707 839 770 cistercensium
860 708 1076 788 potissimum,

143 801 244 863 abbas
258 801 441 862 monasterii
460 801 609 882 primitivi
623 801 708 881 quod
722 799 840 862 dictum
859 805 906 864 est
919 805 1079 864 monaste-

143 895 227 956 rium
242 897 336 973 caput
351 893 486 971 ordinis,
503 912 567 955 non
581 897 705 956 tantum
719 894 845 955 babitus
865 901 912 956 est
925 898 1078 976 tanquam

143 987 290 1067 superior
312 987 394 1049 illius
418 987 585 1066 singularis
609 985 762 1062 coenobii,
784 987 840 1048 sed
864 988 959 1050 etiam
982 989 1078 1050 totius

144 1079 264 1143 ordinis
278 1080 446 1160 generalis,
462 1081 506 1142 ita
526 1083 562 1142 ut
575 1081 689 1160 singuli
703 1079 834 1142 abbates
848 1081 979 1161 singulis
999 1099 1077 1161 prae·

144 1176 250 1235 essent
265 1173 474 1252 monasteriis,
495 1173 562 1253 ipse
578 1177 683 1234 autem
697 1192 760 1234 una
775 1191 847 1234 cum
862 1173 994 1254 collegio
1013 1191 1077 1236 om·

142 1266 232 1328 nium
252 1267 402 1330 abbatum
424 1267 483 1328 sub
499 1286 533 1327 se
556 1267 740 1344 constituto,
762 1267 908 1329 universo
928 1271 1079 1346 praeesset

144 1359 257 1422 ordini.

183 1457 214 1514 3⁰
226 1456 389 1534 Apparent
401 1473 458 1532 per
471 1453 551 1515 hanc
566 1453 731 1533 periodum
741 1453 844 1534 prime
853 1453 942 1517 initia
952 1473 1076 1534 exemp-

141 1545 236 1608 tionis
250 1547 454 1626 regularium.
474 1549 554 1608 Nam
567 1547 763 1608 antecedenti
778 1547 920 1627 periodo,
936 1549 1077 1609 couside-

142 1639 295 1702 rabantur
308 1640 500 1701 monasteria
513 1644 663 1720 tanquam
679 1640 835 1719 simplices
849 1640 975 1702 familias
987 1641 1075 1721 spiri·

140 1733 242 1795 tuales
267 1735 338 1796 subr
344 1733 563 1814 jurisdictione
587 1734 758 1794 diecesani
782 1733 921 1815 episcopi
948 1734 1074 1796 omnino

142 1826 339 1904 constitutae,
361 1845 417 1887 seu
438 1846 501 1888 non
524 1826 722 1906 competebat
744 1827 851 1889 abbati
878 1827 1072 1904 monasterii,

141 1919 200 1980 nisi
223 1920 368 1999 quaedam
388 1919 560 1985 auctoritas
582 1919 710 1998 propria
733 1919 999 1998 patris-familiam
1019 1920 1074 1980 sed

141 2012 227 2094 quod
248 2011 435 2091 respiciebat
456 2003 707 2093 jurisdictionem
730 2016 762 2073 et
784 2011 945 2091 publicum
958 2013 1074 2092 guber-

140 2105 238 2182 nium,
256 2105 287 2165 id
301 2109 402 2167 totum
417 2103 586 2184 episcopali
606 2105 817 2186 jurisdictioni
838 2105 1070 2166 reservabatur.

139 2199 206 2259 Imo
222 2217 260 2258 en
281 2217 401 2260 canone
423 2201 455 2259 4⁰
469 2199 592 2280 concilii
613 2197 893 2273 Chalcedonensis,
910 2201 942 2258 et
955 2197 1074 2258 unifor-

137 2291 231 2352 miter
249 2290 291 2351 ad
312 2291 396 2352 hunc
411 2310 585 2369 canonem,
603 2291 796 2354 lastinianus
813 2289 896 2370 (nov.
918 2294 955 2352 67
970 2293 1001 2352 et
1016 2293 1072 2353 123

137 2383 352 2464 singulariter)
378 2385 505 2463 speciali
529 2385 624 2446 modo
653 2384 892 2447 concrediderat
918 2384 1072 2465 episcopis

137 2495 247 2538 curam
260 2478 500 2555 monachorum,
518 2497 581 2539 non
596 2497 686 2539 secus
697 2496 734 2538 ac
752 2477 949 2540 clericorum.

176 2571 266 2633 Unde
291 2570 431 2650 episcopi
455 2574 607 2651 putarunt
626 2569 772 2631 camdem
794 2571 1012 2632 auctoritatem
1038 2590 1071 2631 se

136 2663 294 2743 explicare
308 2682 400 2742 posse
415 2663 447 2724 in
462 2663 635 2725 monachos
649 2666 681 2724 et
703 2661 888 2724 eorumdem
911 2662 1068 2740 ecclesias,

136 2774 233 2837 quam
257 2775 352 2836 super
375 2757 504 2818 clericos
519 2759 551 2818 et
575 2755 722 2817 ecclesias
746 2755 950 2839 dioecesanas.
969 2756 1070 2829 Quare

135 2867 200 2910 non
212 2851 335 2910 tantum
345 2849 549 2911 instituebant
559 2849 690 2910 clericos
701 2847 781 2928 quia
794 2848 890 2910 sacris
900 2853 1072 2928 preessent

134 2942 167 3004 in
178 2942 407 3004 monachorum
420 2943 570 3020 ecclesiis,
586 2943 641 3004 sed
657 2942 807 3003 etiamad
822 2961 876 3003 eas
887 2941 1070 3005 indicebant

133 3054 225 3096 saera
240 3035 402 3114 solemnia,
416 3056 485 3116 quae
497 3036 670 3098 maximum
682 3035 789 3116 populi
802 3055 989 3098 concursum
999 3055 1070 3116 pro-

133 3127 306 3205 vocabant,
324 3148 395 3190 cum
422 3129 609 3192 detrimento
635 3129 748 3210 quietis
763 3129 955 3191 monasterii.
978 3131 1067 3206 Item,

132 3237 191 3299 pro
212 3239 269 3281 suo
293 3221 396 3298 libito,
422 3222 595 3282 monachos
611 3221 791 3291 avocabant
814 3221 1067 3296 amonastoriis,

131 3313 319 3392 irrequisitis
330 3313 509 3391 abbatibus,
519 3320 554 3374 ut
566 3333 620 3376 eos
633 3313 792 3375 clericatui
803 3313 973 3389 initiarent,
984 3313 1069 3391 quod

130 3405 229 3468 etiam
243 3406 377 3467 cedebat
391 3406 423 3467 in
434 3406 586 3467 damnum
595 3407 777 3469 monasticae
793 3405 976 3484 disciplina.
989 3406 1068 3466 Item

130 3493 292 3578 peculium
304 3499 535 3562 monachorum
547 3499 605 3579 ipsi
617 3498 889 3576 administrabant,
898 3499 931 3559 in
944 3498 1068 3579 dispen-

133 3591 186 3653 dio
201 3593 430 3655 monachorum
444 3595 595 3673 ipsorum.
