2518 4144
310 337 416 386 mmor
438 339 591 388 senciens
611 341 695 390 rums
722 342 876 392 canonici.
1020 333 1057 398 dl

123 481 237 544 solutae
256 483 289 542 et
301 479 495 544 invariabilis
519 483 675 556 veritatis3
697 484 753 546 sed
767 485 870 563 potius
884 505 922 548 ex
935 488 1061 552 criterio

124 573 301 653 prudentia
317 591 381 654 que
397 573 479 636 inter
493 576 585 654 plura
599 576 632 636 id
649 576 734 656 quod
755 576 859 640 minus
874 580 991 642 malum
1014 585 1062 644 est

124 667 177 728 vel
197 667 309 727 melius
321 667 477 746 eligimus.

167 761 231 820 Vll.
249 761 336 820 Hanc
349 758 557 822 differentiam
571 762 749 824 nescierunt
764 763 959 842 jansenistae.
979 767 1060 838 Qua-

123 853 255 932 propter
288 856 447 914 sumentes
473 853 664 932 primitivam
692 855 889 933 disciplinam
910 861 1058 938 tanquam

123 963 270 1006 normam
290 944 467 1006 absolutam
488 965 544 1006 seu
560 950 703 1008 centrum
719 947 891 1026 immobile,
911 950 1060 1014 damnata

121 1037 291 1098 recentiori
307 1037 482 1116 disciplina,
500 1043 532 1100 et
546 1039 719 1100 Ecclesiam
738 1040 840 1118 ipsam
856 1042 1056 1106 damnarunt.

123 1130 398 1202 Quemadmodum
434 1135 643 1209 protestantes
677 1133 830 1194 extollunt
867 1135 1059 1213 primitivam

122 1222 296 1284 Ecclesiam
315 1223 347 1282 in
363 1223 473 1284 ordine
488 1224 529 1284 ad
546 1225 673 1304 dogma,
694 1225 739 1286 sic
757 1225 939 1305 jansenistae
957 1228 989 1290 in
1010 1247 1058 1290 or·

123 1315 197 1376 dine
209 1315 250 1375 ad
265 1315 473 1394 disciplinam.

163 1408 395 1470 Jansenismum
415 1409 541 1488 sapiunt
559 1413 592 1470 ct
609 1409 670 1470 illae
690 1409 840 1472 doctrinar
855 1413 1059 1476 cordatorum

122 1500 276 1577 virorum,
289 1500 373 1562 bona
383 1501 510 1580 quidem
523 1501 585 1561 tide
600 1501 742 1580 prolatae,
761 1503 814 1582 qui
832 1504 908 1565 dum
921 1510 1062 1568 veterem

121 1593 404 1656 laudentEoclesiae
413 1594 620 1672 disciplinam,
629 1599 1057 1673 contemnuntrccentiorem,

123 1686 213 1767 quasi
226 1704 290 1746 non
302 1686 385 1747 omni
398 1691 539 1766 tempore
555 1687 694 1748 Ecclesia
706 1687 819 1750 Christi
836 1709 953 1768 sponsa
966 1691 1016 1754 sit.

163 1781 361 1857 Quapropter
374 1781 468 1859 longe
484 1799 503 1840 a
517 1780 607 1842 nobis
627 1780 667 1841 sit
680 1781 732 1840 ille
747 1781 935 1846 immodicus
953 1789 1059 1846 vetus-

121 1872 196 1934 tatis
212 1890 312 1949 amor,
339 1873 419 1935 sicut
440 1878 472 1934 et
493 1874 649 1935 novitatis.
681 1877 784 1936 Unum
807 1875 847 1936 sit
868 1876 1058 1955 principium

121 1968 255 2041 certum,
276 1984 347 2026 cum
367 1985 428 2046 quo
447 1966 471 2026 si
491 1966 654 2042 stabimus,
680 1966 775 2028 dilabi
796 1986 859 2029 non
878 1987 1055 2047 possumus,

121 2076 237 2137 nempe
261 2058 449 2138 principium
474 2059 669 2120 auctoritatis
698 2079 718 2120 a
743 2060 866 2122 Christo
894 2061 1055 2137 instituta,

121 2169 195 2212 cum
215 2169 278 2229 qua
301 2155 408 2212 vetera
430 2152 628 2227 damnemus,
655 2151 680 2210 si
706 2151 846 2229 damnat,
869 2157 901 2214 et
921 2171 1014 2228 nova,
1031 2152 1057 2212 si

121 2244 288 2321 reprobat,
306 2263 357 2320 ne,
375 2245 424 2306 vel
447 2249 555 2306 vetera
569 2260 632 2304 non
648 2243 784 2304 amando
799 2244 849 2304 vel
872 2262 956 2306 nova
970 2243 1059 2304 dam-

120 2335 1054 2411 mando,schismaticitiamusabauetoritateecclesiastiea.

162 2430 243 2490 Vlll.
276 2429 327 2490 Sic
352 2429 466 2490 notatis
491 2428 647 2508 dogmatis
672 2432 704 2490 et
731 2427 904 2508 disciplinae
930 2431 1055 2507 natura,

121 2521 298 2600 speciebus,
314 2521 500 2598 differentia,
524 2521 664 2584 breviter
685 2521 858 2582 subdamus
873 2527 963 2584 nolas
987 2542 1057 2602 quae

120 2613 273 2675 inservire
292 2617 423 2692 possunt
443 2614 484 2674 ad
500 2614 749 2693 dignoscendum
771 2615 896 2694 quando
915 2615 966 2676 lex
979 2615 1058 2694 dog·

116 2707 248 2783 metica,
264 2706 390 2786 quando
404 2724 480 2767 vero
492 2706 701 2786 disciplinaris
716 2711 773 2768 est.

160 2801 237 2862 Haec
254 2802 336 2860 notae
347 2799 495 2860 facillime
507 2799 703 2861 descendunt
713 2819 750 2860 ex
761 2799 830 2878 ipso
842 2799 968 2862 criterio
979 2799 1058 2880 dog-

118 2892 215 2954 matis
231 2895 262 2953 et
271 2891 443 2970 disciplinae
457 2892 542 2972 quod
557 2892 738 2954 statuimus:
756 2891 870 2972 Bopmo
883 2895 991 2955 veritos
1003 2902 1056 2968 est,

119 2985 278 3064 durentiae
286 2984 404 3063 proces.

160 3081 309 3140 Jamvero
326 3077 444 3157 dogma
464 3081 539 3138 tunc
556 3077 738 3155 praecipitur
762 3096 833 3138 cum
857 3078 973 3141 veritas
990 3079 1059 3158 ipsa

120 3173 291 3243 doceatur;
321 3170 427 3248 praxis
455 3174 530 3230 tunc
555 3170 737 3249 praecipitur
761 3172 887 3250 quando
914 3171 1054 3252 jubetur.

118 3265 197 3326 Inde
210 3263 254 3323 sic
267 3281 434 3342 possumus
448 3262 588 3324 breviter
602 3263 706 3324 dicere
724 3284 731 3324 :
748 3263 781 3325 Si
797 3264 938 3325 Ecclesia
952 3264 1055 3340 docet,

120 3355 302 3435 dogmatica
312 3359 359 3416 est
369 3356 436 3429 lex3
455 3355 480 3415 si
492 3355 646 3434 praecipit,
664 3355 882 3435 disciplinaris.
894 3359 935 3418 At
950 3355 1056 3415 doceri

119 3452 151 3511 et
160 3448 289 3528 praeeipi
302 3449 469 3528 dupliciter
481 3452 595 3528 potest,
609 3449 741 3527 positive
751 3451 802 3512 vel
817 3448 973 3529 negative.

160 3543 297 3606 Docetur
305 3541 443 3622 positive,
456 3543 583 3622 quaudo
592 3542 707 3606 veritas
717 3546 868 3622 tauquam
884 3542 972 3602 certa
986 3556 1057 3618 pro
