2540 4132
392 703 398 715 ’
452 719 555 800 ms
584 719 739 800 luent

335 911 382 975 nn
398 907 553 973 onlnem
570 907 675 972 aunis
689 907 854 974 emona

571 1079 614 1112 uu

190 1223 237 1278 ΒΕ
263 1221 408 1280 sumnus
434 1222 478 1278 ΕΤ
504 1220 659 1276 omens
686 1219 991 1276 eflnlsmnoffllff.

537 1417 654 1436 40·—

459 1598 724 1676 PROOElssUll.

166 1827 326 1886 llaetenus
340 1821 442 1883 fontes
457 1819 637 1900 aperuimus
658 1839 697 1881 ex
711 1821 825 1902 quibua
838 1822 940 1886 fluunt
949 1823 1058 1890 emnia

125 1915 279 1996 requisita
305 1913 345 1975 ad
373 1913 487 1994 objeeti
503 1911 583 1993 juris
603 1913 747 1974 canonici
769 1914 1054 1994 perpematienen.

126 2011 219 2070 Nune
239 2024 314 2086 ergo
341 2021 507 2086 possumus
527 2004 588 2064 hae
606 2004 793 2066 tractatione
821 2005 1058 2085 prepeditum

124 2099 224 2160 innixi
240 2097 281 2159 ad
292 2096 411 2177 jurium
421 2102 452 2157 et
464 2094 640 2158 officiorum
654 2095 895 2158 chiistianorum
914 2097 1058 2158 conside-

125 2193 284 2254 rationem
298 2189 456 2250 devenire.

142 2279 242 2344 'llaen
260 2283 333 2364 jura
354 2285 385 2342 et
404 2281 522 2358 officia,
544 2284 695 2360 tanquam
714 2279 877 2360 proprium
897 2280 1056 2344 mnonleae

124 2375 300 2454 discipline
315 2373 484 2454 objectum,
503 2377 644 2453 possunt,
661 2373 742 2436 sieut
755 2377 787 2436 et
800 2373 833 2434 in
844 2373 982 2438 anienliiu
996 2391 1057 2438 ete-

123 2470 212 2546 teris‚
226 2467 342 2548 dupliei
357 2467 416 2529 suh
431 2469 560 2546 aspectu
580 2467 782 2546 considerari,
797 2468 829 2529 in
839 2485 955 2548 genere
969 2469 1057 2531 vide-

123 2563 237 2625 lieetel
247 2561 280 2622 in
292 2561 400 2641 speeie
413 2580 420 2622 :
435 2560 467 2620 in
482 2578 586 2640 ponere
598 2577 723 2641 nempe,
740 2561 765 2622 si
776 2561 1014 2624 considemntur
1023 2563 1056 2624 in

123 2673 180 2718 suo
201 2653 373 2734 principi03
390 2653 422 2713 in
437 2653 529 2734 specie
551 2671 645 2730 vero,
661 2653 735 2714 siin
753 2670 812 2714 sua
824 2653 1053 2733 applieatione;

120 2749 154 2809 in
168 2765 284 2828 genere
299 2746 425 2827 quando
442 2749 660 2825 proponuntur
674 2745 921 2808 fundamentalia
935 2745 1051 2827 prinei-

119 2841 175 2922 pia
187 2841 272 2900 unde
287 2839 355 2900 haen
366 2838 439 2919 jura
453 2839 661 2916 descendunt,
678 2839 710 2898 in
723 2838 828 2918 speeie
843 2840 969 2919 quande
983 2840 1052 2921 ipsa

120 2931 277 3013 principia
292 2931 449 3010 applicata
466 2932 596 2994 veniunt
614 2931 824 3010 penuliuuihus
842 2932 904 2994 illis
923 2933 1052 3014 adjunc-

119 3026 161 3088 tis
179 3025 214 3086 in
235 3023 350 3104 quibus
373 3024 534 3086 antistiani
554 3024 684 3104 reperiri
705 3028 845 3104 possunt.
867 3026 957 3089 Unde
981 3027 1051 3088 duae

121 3137 191 3180 esse
200 3121 330 3198 possent
340 3117 541 3179 mactationes
553 3117 696 3196 diversae,
704 3135 838 3199 quarum
841 3119 944 3200 prima
955 3120 1053 3200 potis·

121 3211 238 3272 simum
248 3211 293 3272 nd
310 3206 540 3272 institutionum
559 3211 714 3274 elementa
736 3213 893 3292 pertinere
910 3213 1049 3286 videtur,

122 3323 194 3385 quae
212 3304 273 3366 erit
291 3304 331 3366 de
343 3304 468 3386 juribus
487 3308 519 3366 et
534 3304 644 3366 officiis
663 3305 904 3369 christianomm
922 3306 954 3366 in
967 3321 1051 3365 eom·

120 3397 220 3476 muni,
234 3397 330 3458 altera
342 3397 383 3459 de
394 3396 518 3478 juribus
533 3400 565 3460 et
576 3397 687 3460 offiaiis
701 3399 733 3460 in
747 3398 939 3479 particulari.
