2542 4122
228 353 288 413 278
437 353 668 407 1nsrrrurrours
689 345 951 400 messeniorum.

231 509 316 586 ralis,
332 507 443 568 saltem
464 501 623 565 suffioions
644 503 675 560 et
700 497 817 572 debita,
832 496 868 554 ut
888 489 997 553 officia
1012 485 1067 546 sui
1080 486 1182 546 status

233 601 417 680 adimpleai;
434 598 466 658 2⁰
479 595 614 675 speciale
627 590 775 654 orationis
786 586 938 660 studium,
955 577 1114 660 specialis
1124 577 1183 638 fre·
1255 567 1256 600 ³

233 693 363 777 quentia
376 707 538 754 saerorum
555 684 794 765 mysteriorum
811 683 842 742 3⁰
860 674 1003 738 exterior
1017 672 1130 733 oultus
1144 667 1185 729 ad

190 793 194 798 “
233 786 420 849 modestiam
433 780 635 860 compositus
652 780 688 838 ut
701 774 822 849 habitu,
835 773 939 850 gestu,
956 767 1104 841 insesso,
1119 781 1184 824 ser-

232 897 327 942 mone
342 875 461 938 eunetis
473 875 585 935 afferre
597 869 719 949 possint
732 864 983 927 venerationem.

272 969 421 1050 Neqotioo
435 971 541 1028 autem
556 965 647 1025 sunt:
665 964 701 1022 ut
712 977 781 1020 sese
796 957 981 1018 abstineant
996 953 1040 1012 ab
1061 950 1103 1011 iis
1118 965 1184 1010 om-

234 1065 327 1126 nibus
341 1063 425 1122 unda
441 1060 509 1120 haee
528 1053 689 1118 veneratio
704 1050 798 1114 statui
816 1047 955 1110 elerioali
976 1043 1094 1106 debita
1106 1040 1184 1121 peri-

235 1157 341 1219 eulum
350 1153 478 1233 aliquod
488 1150 593 1212 subire
601 1148 717 1222 valeat,
731 1143 837 1224 qualia
844 1143 934 1202 sunt:
947 1133 1183 1199 l⁰eohabitatio

234 1250 285 1311 vel
299 1246 493 1308 consuetudo
514 1258 588 1304 oum
607 1237 792 1301 mulieribus
806 1235 892 1296 unda
917 1232 1033 1311 aliqua
1057 1229 1184 1290 sinistra

234 1339 369 1416 suspioio
384 1337 550 1417 provenire
566 1333 684 1412 possit3
708 1335 742 1391 2⁰
757 1327 961 1407 negotiorum
975 1320 1183 1384 saeoularium

234 1430 346 1510 gestio,
363 1429 550 1508 negotiati03
571 1429 602 1487 3⁰
615 1424 693 1501 ludi,
710 1420 906 1494 venationes,
926 1417 1081 1492 ohoreae,
1099 1429 1184 1492 speo-

234 1522 348 1598 tacula‚
364 1525 448 1582 artos
459 1522 548 1594 viles,
561 1523 593 1580 et
607 1520 723 1579 eatara
731 1510 915 1594 hujusmodi
925 1527 1002 1590 quae
1016 1507 1140 1588 partim
1154 1504 1182 1562 iu

235 1613 332 1676 saeris
347 1613 521 1674 canonibus
529 1611 658 1672 definito
670 1612 754 1684 sunt,
772 1605 887 1686 partim
901 1620 940 1664 ex
955 1600 1123 1681 principio
1134 1596 1182 1657 illo

236 1706 376 1786 generali
390 1706 476 1784 quod
490 1705 668 1779 statuimus,
685 1701 769 1762 facili
784 1698 917 1760 veniunt
932 1694 1144 1756 deductione:
1257 1713 1258 1716 ¹

274 1801 308 1858 2⁰
330 1797 473 1858 Alterum
487 1797 635 1876 generale
647 1791 849 1855 corollarium
860 1789 922 1850 hoo
938 1791 1010 1849 est:
1027 1781 1180 1866 quidquid

239 1889 381 1952 absolute
407 1907 468 1950 uon
506 1888 677 1968 requiritur
701 1884 827 1946 atrita
849 1881 1009 1943 aleriealis
1038 1877 1182 1940 omnibus

240 1985 349 2044 afferat
369 1983 616 2057 venerationem,
637 1978 693 2041 sad
708 1977 809 2058 magis
824 1976 876 2038 vel
895 1974 1008 2035 minus
1032 1972 1112 2032 huie
1134 1966 1181 2030 tini

133 2143 139 2154 ,
239 2076 440 2155 respondeat,
455 2073 576 2136 oleriois
590 2088 654 2134 non
668 2069 862 2152 praeoipitur,
875 2067 933 2129 sed
947 2067 983 2127 in·
996 2066 1056 2128 via
1066 2060 1182 2126 consilii

239 2170 290 2232 vel
304 2169 456 2232 suadetur
464 2168 514 2230 vel
529 2166 740 2228 dissuadetur.

529 2340 697 2388 sorios-uus
714 2337 886 2386 sudoribus*

240 2480 285 2544 De
294 2481 407 2563 officiis
420 2492 514 2545 statue
530 2483 674 2546 ridiculis
680 2483 817 2565 propriis
831 2480 1008 2542 clericorum
1024 2467 1181 2558 majorum.

281 2643 348 2704 [luo
364 2645 435 2705 sunt
450 2656 520 2724 quae
540 2641 667 2704 alaricis
681 2642 868 2703 incumbunt
890 2637 996 2700 otiioia
1010 2649 1022 2700 :⁴
1048 2635 1183 2700 officium

243 2735 383 2796 divinum
409 2739 441 2796 et
464 2737 646 2808 aaelibatus3
672 2753 807 2816 quorum
824 2737 971 2812 uterque,
997 2730 1069 2792 sive
1096 2743 1184 2807 nega-

242 2826 317 2901 tive,
342 2840 398 2886 sau
417 2828 628 2890 abstrahendo
655 2829 786 2889 olarieos
804 2826 943 2907 majores
960 2840 982 2884 a
996 2822 1107 2884 earnis
1122 2821 1185 2880 flle-

244 2915 365 2993 oebris,
391 2918 456 2979 sive
481 2921 633 2998 positive,
661 2921 732 2982 illos
765 2917 1003 2981 sublimioribus
1030 2911 1185 2976 navandis

243 3009 400 3088 mysteriis
413 3009 543 3073 idoneos
558 3013 707 3076 efficiunt.

271 3157 287 3216 §¹
299 3156 316 3196 i·
333 3165 365 3198 Μ
383 3165 485 3198 omen!
501 3167 658 3202 cummim!
676 3169 796 3202 ΜΗΟΕΠΙ
810 3166 891 3209 Quom
908 3163 1017 3198 nivino!
1030 3163 1162 3196 Offlcml.

283 3263 334 3323 lll.
359 3261 505 3322 Oliioium
526 3263 669 3326 divinum
693 3267 745 3326 est·
762 3261 940 3325 eommunis
962 3262 995 3320 et
1017 3256 1185 3318 uniformis

244 3353 384 3432 precatio
403 3357 549 3416 constans
564 3356 707 3434 pluribus
722 3355 929 3432 orationibus,
953 3349 1098 3431 psalmis,
1124 3349 1186 3409 lae-

245 3444 383 3506 tionibus
404 3449 434 3506 et
449 3447 575 3523 hymnis
593 3449 738 3526 Domino,
759 3447 857 3509 veluti
872 3444 1095 3526 quotidianum
1110 3459 1185 3521 pen-

246 3549 316 3592 sum
330 3537 555 3598 exsolvendum
578 3540 663 3626 quod
683 3541 794 3620 primis
817 3539 966 3601 Eeolosiae
987 3534 1184 3620 temporibus
