2518 4144
290 365 397 413 noeros
418 365 571 413 ennomus
591 365 676 412 sums
700 365 854 415 eduorum.
997 355 1037 417 al

104 508 193 589 quod
214 507 355 570 Christus
379 507 446 586 ipse
467 508 574 586 plures
599 505 796 570 constituerit
809 507 910 571 ionice
932 511 1038 590 legum

103 599 390 662 ecclesiasticorum
417 601 585 680 pluresque
609 600 728 680 gradm
750 601 931 680 potestatis,
961 603 1039 665 nihil

103 692 239 772 impedit
253 693 419 772 quominus
433 693 566 770 dicatur,
584 711 657 754 cum
676 693 882 771 Bellarmino,
898 695 1039 774 regimen

103 785 255 848 Ecclesia
270 803 337 846 esse
354 786 571 847 monarchiam
586 785 691 865 aliquo
706 785 861 848 elemento
874 787 1041 850 aristocles

103 879 393 956 tiootemperatam.
404 877 530 939 Idenim
538 877 933 958 nihilsliudsignifioatnisi
943 880 1040 960 quod,

103 973 224 1051 praeter
246 987 427 1049 supremum
442 971 678 1049 pontificatum,
704 971 846 1034 Christus
865 971 931 1051 ipse
950 991 1042 1054 quos·

104 1062 475 1141 damgradnspotestatis
484 1063 627 1126 instituit.
639 1063 702 1126 Sed
711 1075 836 1142 semper
843 1065 1042 1127 retinendum

105 1158 157 1217 est
170 1153 332 1232 episcopos
342 1155 524 1235 singillatim
536 1160 678 1236 sumptos
690 1156 809 1216 nullam
819 1157 957 1222 nancisci
969 1177 1043 1240 par-

105 1251 174 1310 tem
192 1265 348 1325 supremae
362 1249 536 1326 potestatis,
560 1252 593 1310 ei
606 1249 709 1328 ipsum
719 1267 834 1327 eorpus
851 1251 1040 1331 episcopale,

107 1337 234 1400 nonnisi
255 1357 293 1398 ex
307 1357 364 1398 sua
383 1339 602 1420 conjunctione
618 1359 690 1401 cum
714 1343 856 1405 Romano
872 1343 1041 1422 Pontifices,

107 1431 216 1493 valere
231 1434 320 1494 actus
332 1450 487 1511 suprcmae
499 1431 692 1494 auctoritatis
703 1433 826 1496 elicere.

480 1616 610 1678 GAPU'I'
631 1617 669 1677 ll.

349 1769 387 1814 DE
408 1768 480 1814 rlrtn
501 1769 540 1814 ΕΤ
559 1769 688 1816 oatncro
709 1767 804 1816 LEGIS.

151 1902 175 1961 1.
201 1898 286 1959 Finis
301 1901 332 1959 et
341 1897 499 1978 objectum
512 1898 619 1978 legum
633 1899 916 1962 ecclesiasticarum
930 1899 1047 1978 duplici

111 1992 208 2054 modo
219 1993 351 2070 possunt
369 1990 571 2068 considerari,
589 1991 736 2053 videlicet
753 1995 809 2054 sut
821 1992 854 2052 in
867 2009 983 2072 genere
994 1997 1049 2054 ant

111 2085 230 2164 specie.
249 2083 407 2144 Generalis
422 2083 536 2145 horum
553 2082 751 2163 investigatio
770 2083 909 2146 breviter
923 2083 1050 2144 conclu·

112 2177 218 2240 ditur:
308 2230 311 2235 .

154 2272 233 2332 Cum
244 2268 327 2328 enim
340 2269 446 2348 legum
455 2268 525 2350 finis
534 2269 574 2332 sit
582 2268 702 2330 bonum
715 2285 881 2330 commune
893 2267 1051 2330 societatis

113 2381 172 2444 pro
187 2361 414 2442 quaferuntur,
430 2361 589 2442 objectum
600 2365 705 2423 autem
714 2361 906 2424 constituant
913 2361 1053 2424 actiones

113 2455 326 2531 subditorum,
341 2453 521 2534 hujusmodi
532 2454 721 2534 principium
731 2455 930 2534 applicando,
942 2455 1051 2534 paucis

114 2549 221 2610 dicere
235 2565 402 2626 possumus
417 2547 502 2626 quod
516 2547 586 2608 finis
598 2549 705 2626 legum
720 2547 1001 2608 ecclesiasticarum
1012 2547 1052 2608 sit

113 2641 221 2702 bonum
235 2640 548 2716 commuoellcclesiae,
566 2639 724 2720 objectum
740 2643 847 2701 autem
868 2639 1052 2700 earumdem

112 2734 242 2796 cctc'ooee
257 2731 509 2794 christianorum.

155 2829 275 2889 Verum
286 2843 358 2885 cum
370 2825 512 2907 subtilius
523 2827 629 2903 posset
638 2824 752 2903 inquiri
767 2824 927 2904 quodnam
940 2825 1052 2886 sithoc

113 2922 236 2982 bonum
251 2936 417 2978 commune
431 2917 515 2997 quod
529 2917 664 2978 intendit
674 2917 824 2995 Ecclesia,
840 2917 1000 2998 quodnam
1014 2918 1054 2979 sit

114 3012 277 3092 objectum
292 3011 377 3071 circa
391 3011 476 3089 quod
493 3009 609 3071 debent
622 3009 741 3072 versari
758 3009 895 3072 actiones
910 3011 1054 3072 christia-

115 3123 242 3181 norum,
257 3103 330 3164 inde
346 3093 489 3183 estquod
507 3103 685 3164 necessaria
703 3103 743 3164 sit
764 3104 907 3184 specialis
926 3104 1055 3166 investi·

116 3197 204 3278 gotio
226 3195 297 3276 quse
317 3196 407 3258 nobis
429 3195 575 3257 exhibeat
595 3195 734 3257 indolem
760 3200 791 3258 et
818 3200 963 3259 naturam
984 3213 1053 3276 quaa

116 3291 241 3369 legibus
255 3287 369 3351 nostris
383 3289 550 3368 singularis
566 3292 622 3350 est.

158 3384 278 3444 Illam
292 3399 367 3443 vero
382 3399 455 3442 oum
468 3381 538 3441 finis
554 3384 683 3460 propter
693 3399 787 3462 quem
799 3381 938 3444 Christus
950 3379 1053 3440 Eccle-

117 3476 199 3536 siam
210 3475 356 3537 fundavit
372 3477 404 3536 et
418 3473 660 3535 ecclesiasticam
674 3474 808 3536 instituit
822 3473 1052 3549 auctoritatem,

118 3568 213 3630 fuerit
241 3586 391 3646 reparare
419 3566 554 3629 hominis
580 3585 689 3628 casum
712 3567 744 3626 in
770 3565 879 3628 ordine
898 3563 939 3624 ad
960 3563 1055 3624 linem
