2540 4132
201 341 240 404 92
412 318 642 402 isenrorrorns
663 354 746 402 iners
768 352 943 400 aaronica·

201 497 309 560 lanum
336 499 557 578 appellaretur.
584 501 650 560 Hoc
675 500 782 558 eutem
801 495 969 557 concilium
989 495 1141 558 habitum

201 591 261 654 fuit
274 591 379 652 animo
392 592 558 672 supplendi
573 592 712 652 defectus
727 589 850 651 concilii
861 590 897 652 lli
912 592 943 648 et
957 589 1025 662 Vli3
1040 608 1143 668 gene-

202 684 627 766 ralitcretiamquior'cectum,
643 684 695 746 vel
708 683 876 766 quiabcrtc
888 679 1027 763 synodus,
1044 700 1141 744 voca-

201 782 269 840 tum
283 782 341 840 est.

241 875 316 934 Haee
337 872 478 934 collectio
499 873 569 951 plus
583 873 687 934 minus
704 875 826 934 constat
850 868 1049 932 documentis
1071 887 1141 930 om-

200 965 294 1028 'nibus
309 966 423 1046 quibus
435 969 581 1028 constant
592 966 775 1041 anteriores,
799 963 945 1025 videlicet
962 983 968 1022 :
985 965 1025 1024 85
1042 980 1140 1024 ceno-

201 1059 293 1120 nibus
326 1060 555 1137 apostolorum;
583 1059 697 1120 deinde
731 1057 903 1120 canonibus
928 1054 1138 1116 conciliorum

202 1151 417 1228 orientalium,
439 1153 552 1232 quibus
569 1153 687 1214 addita
711 1155 784 1214 sunt
797 1149 945 1230 quaedam
968 1149 1138 1226 episcopo-

201 1243 434 1323 rumepistolae‚
456 1249 488 1308 et
508 1249 579 1308 acta
597 1245 761 1325 cujusdam
781 1242 904 1306 concilii
919 1241 1132 1321 perticrdaris

201 1355 271 1418 que
285 1336 317 1398 in
330 1338 538 1400 anterioribus
553 1338 788 1400 collectionibus
807 1355 870 1398 non
885 1334 1131 1413 recipiebantur.

241 1430 303 1492 Sed
317 1431 394 1492 illud
407 1432 581 1493 notandum
596 1435 643 1492 est
658 1431 743 1510 quod
758 1431 811 1492 ubi
826 1431 858 1490 in
871 1428 1009 1508 pristinis
1020 1428 1136 1489 collec-

199 1523 335 1586 tionibus
349 1525 588 1603 reperiebantur
601 1543 738 1586 canones
758 1523 971 1598 sardicenses„
993 1539 1058 1582 non
1078 1540 1135 1582 au·

199 1620 264 1678 tem
275 1635 410 1678 canones
425 1617 582 1691 Africani;
598 1617 649 1680 bic
665 1636 740 1679 vero
752 1617 792 1678 ab
805 1617 865 1676 hac
879 1614 1065 1676 collectione
1081 1633 1135 1674 ex-

199 1709 307 1789 puncti
328 1713 401 1771 eunt
416 1728 551 1770 canones
571 1711 783 1786 sardicenses,
803 1713 834 1770 et
853 1726 964 1770 eornm
982 1707 1052 1768 loco
1076 1709 1133 1768 133

148 1807 154 1816 '
199 1819 335 1863 canones
347 1801 484 1862 Africani
496 1801 535 1862 de
550 1803 647 1866 latino
662 1804 694 1864 in
706 1820 845 1883 graecum
854 1799 1009 1877 translati,
1025 1801 1058 1862 iu
1074 1800 1133 1862 hec

200 1893 382 1956 collectione
392 1893 502 1956 intrusi
512 1900 595 1958 sunt.

240 1987 367 2066 Exque
387 1991 519 2066 apparet
539 1988 662 2050 animus
685 1991 815 2050 Petrum
835 1988 1058 2050 Trullanorum
1080 1987 1133 2066 qui

196 2079 264 2159 jem
287 2080 329 2142 ad
344 2079 480 2142 schisma
498 2082 652 2160 proclives
667 2086 766 2144 erant.
793 2080 927 2162 Rejectis
947 2080 1032 2140 enim
1051 2099 1134 2140 emro-

199 2173 535 2253 nicomediensibus,
552 2175 584 2236 in
599 2175 713 2255 quibus
732 2174 979 2237 admittebantur
992 2173 1134 2252 appella-

199 2266 299 2329 tiones
313 2268 353 2330 ad
363 2271 539 2329 Romanum
554 2267 747 2346 Pontificem,
762 2287 872 2330 eorum
887 2268 956 2328 loco
965 2285 1133 2328 recensue-

199 2363 272 2419 runt
292 2378 412 2420 conones
428 2360 600 2439 Africanos,
617 2360 789 2440 intorques
814 2360 1013 2423 habebantur
1037 2359 1132 2422 etiam

199 2468 335 2512 canones
345 2451 504 2530 Cypriani,
520 2454 572 2532 qui
587 2453 798 2515 dissentiendo
814 2473 834 2514 a
848 2452 1011 2530 Stephano
1025 2454 1129 2531 Papa,

199 2543 370 2605 damnabat
387 2544 513 2606 omnino
535 2546 692 2625 baptisma
709 2547 749 2608 ab
768 2545 923 2608 haereticis
943 2546 1104 2608 collatum.

237 2637 327 2699 Unde
341 2636 466 2699 videtur
477 2637 546 2700 illos
560 2640 746 2718 expunxisse
760 2657 896 2700 canones
910 2656 1002 2700 veros
1018 2642 1054 2700 ut
1072 2639 1130 2700 sibi

197 2748 311 2809 nempe
326 2735 539 2809 proponerent
557 2733 736 2810 exemplum
755 2731 926 2794 dissidendi
947 2751 966 2792 a
985 2731 1062 2792 sede
1082 2749 1130 2792 ro

196 2840 301 2900 mana,
324 2825 355 2883 et
374 2824 500 2886 fovendi
519 2825 656 2888 schisma
671 2826 756 2904 quod
772 2825 887 2886 saeculo
905 2824 1012 2904 Vjam
1026 2823 1131 2886 immi-
1260 2847 1261 2850 ¹

196 2915 291 2977 nebat
318 2916 399 2978 inter
426 2919 603 2979 Romanum
635 2919 818 2980 Pontificem
848 2921 880 2980 et
912 2917 1129 2980 Patriarcham

196 3009 589 3089 Constantinopolitanum‚
609 3015 640 3073 et
654 3011 782 3074 demum
794 3011 853 3074 sub
868 3009 979 3073 Photis
1001 3011 1129 3073 conclu-

194 3109 264 3164 sum
279 3107 335 3166 est.
981 3117 987 3126 '

489 3244 523 3282 lv.
539 3243 704 3284 Deccllccttcuc
712 3243 829 3285 Plotinae.

232 3389 283 3449 vl.
308 3387 426 3458 Quarta
440 3386 567 3446 demum
577 3387 729 3462 collectio,
747 3387 877 3448 celebris
891 3387 972 3450 inter
987 3389 1123 3465 Graece,

192 3480 250 3540 fnit
279 3478 443 3540 Photiana.
474 3479 603 3540 Photins
626 3481 740 3540 seculo
764 3483 823 3556 IX,
855 3481 972 3560 rejecto
1001 3481 1124 3559 Ignatio

192 3569 458 3647 Constantinopoli
478 3569 637 3649 episcopo,
654 3572 756 3648 gratia
776 3573 874 3634 fretus
886 3573 1047 3636 Michaelis
1067 3573 1124 3634 im-
