2542 4122
194 313 252 374 276
405 325 632 378 msrrrrmorns
652 326 736 378 rents
758 327 910 379 amorrei.

195 472 377 536 clericatum
387 475 538 554 assumpti
545 495 603 554 per
613 475 700 537 illam
711 476 929 538 ceremoniam
940 493 1028 556 qum,
1039 474 1133 537 sicuti

196 566 237 628 ad
252 566 481 629 ordinationem
496 586 620 630 sacram
635 570 779 646 refertur,
804 570 849 630 ita
869 567 951 629 illius
966 567 1132 648 perpetui-

195 662 293 722 tatem
307 659 456 738 imitatur,
470 661 573 722 clerici
586 662 619 722 iu
633 665 821 741 perpetuum
833 662 1053 741 perseverent.
1069 661 1133 722 Nec

197 752 386 835 acquisitum
406 753 511 814 elerici
523 757 650 831 statum,
662 773 720 815 nee
733 753 919 834 acquisitam
934 752 1045 814 clerici
1058 771 1132 832 qua·
1231 817 1232 844 1

196 845 316 906 litatem
334 851 465 924 possunt
484 846 637 923 amittere,
659 847 720 906 nisi
735 845 929 926 depositione
945 847 1003 906 aut
1018 843 1132 924 degra-

198 937 334 1000 datione.
351 938 445 1018 Atqui
464 941 562 1000 status
585 939 700 1002 dieitur
723 955 910 1020 permanens
930 938 1064 999 vivendi
1079 956 1132 999 seu

198 1030 321 1091 essendi
332 1031 481 1092 conditio.

239 1124 302 1185 Sed
316 1123 368 1184 hio
382 1127 480 1185 status
495 1123 684 1202 generaliter
697 1124 842 1186 omnibus
861 1129 1050 1202 competens
1075 1125 1135 1186 cle·

198 1217 281 1294 ricis,
290 1215 411 1278 etiamsi
424 1216 540 1277 fuerint
548 1219 671 1278 tantum
684 1216 847 1295 tonsurati,
859 1217 891 1277 in
899 1217 1007 1296 specie
1020 1219 1136 1279 confir-

196 1313 312 1385 matur,
331 1313 363 1369 et
377 1309 519 1370 absolute
537 1313 708 1388 perpetuus
720 1310 755 1371 fit
768 1309 968 1388 susceptione
984 1311 1136 1372 ordinum
1205 1365 1210 1376 .

196 1397 362 1479 majorum.
379 1400 468 1462 Unde
485 1420 541 1480 per
555 1402 680 1463 illorum
698 1403 910 1482 receptionem
925 1420 1003 1463 mox
1017 1407 1135 1466 statum

195 1509 355 1554 assumere
370 1492 514 1555 dicimur.
530 1497 609 1555 Nam
631 1495 753 1557 tametsi
766 1495 888 1572 cleriei,
905 1495 939 1556 in
954 1495 1135 1558 minoribus

196 1588 319 1647 lantum
331 1585 494 1648 ordinibus
509 1587 679 1665 constituti,
696 1588 805 1650 habitu
820 1587 927 1649 clerici
941 1606 1075 1668 semper
1088 1609 1136 1650 re-

196 1681 359 1756 maneant,
384 1697 442 1740 nsc
461 1680 647 1758 acquisitam
673 1681 777 1742 clerici
798 1681 984 1761 qualitatem
1013 1683 1135 1761 possint

196 1769 293 1832 libere
317 1789 443 1849 exuere,
464 1774 571 1832 tamen
592 1772 652 1834 illis
675 1773 750 1835 licet
769 1777 840 1835 actu
861 1773 1012 1835 deserere
1036 1776 1135 1837 vitam

197 1862 396 1925 clericalem:
423 1883 485 1945 quo
499 1868 652 1944 tempore,
666 1865 750 1946 jura,
775 1866 878 1928 officia
890 1867 1046 1948 pleraque
1072 1869 1135 1948 pri-

196 1956 311 2037 vilegia
321 1961 419 2020 status
434 1957 585 2020 clericalis
598 1978 655 2038 pre
675 1959 750 2039 ipsis
766 1959 1015 2039 suspenduntur,
1033 1961 1135 2023 donec

197 2050 307 2114 habitu
330 2051 465 2114 clericali
486 2057 695 2132 reassumpto,
721 2052 817 2114 veluti
837 2053 878 2114 ad
899 2071 996 2114 suum
1016 2057 1134 2116 statum

197 2144 327 2222 reversi,
345 2144 475 2226 antiqua
483 2144 568 2226 jura,
585 2144 699 2222 officia,
713 2144 878 2226 privilegia
889 2151 1094 2225 recuperent.

238 2237 301 2299 Sed
322 2237 374 2317 qui
390 2237 487 2300 saeris
507 2241 539 2300 et
552 2237 724 2318 maioribus
738 2237 852 2300 initiati
871 2241 944 2300 sunt
954 2239 1132 2316 ordinibus,
1233 2251 1234 2316 l

198 2347 261 2390 ucn
275 2333 407 2408 possunt
416 2330 551 2410 amplius
565 2331 605 2392 ad
615 2329 778 2392 saecularia
787 2334 861 2392 vota
871 2330 1061 2409 redirc,'sed
1073 2331 1134 2393 Deo

196 2421 246 2480 cui
256 2421 365 2482 servire
377 2440 500 2501 repccre
514 2432 576 2498 est,
598 2426 671 2485 sunt
690 2423 723 2484 in
737 2427 925 2503 perpetuum
943 2425 1130 2504 mancipati.

196 2513 286 2576 Unde
308 2516 407 2576 status
431 2515 582 2577 clericalis
605 2516 638 2577 in
650 2535 766 2595 genere
781 2520 963 2597 competens
983 2518 1132 2579 omnibus

197 2607 328 2686 clericis,
342 2607 416 2671 licet
428 2627 515 2670 mere
529 2609 681 2672 tonsurati
690 2609 816 2688 fuerint,
828 2609 983 2690 majorem
996 2609 1133 2690 acquirit

196 2701 386 2788 soliditatem
409 2702 713 2784 perpetuitatemque
732 2702 791 2764 hac
807 2703 953 2766 ordinum
971 2703 1131 2784 majorum

196 2794 405 2872 susceptione,
426 2813 487 2874 quo
503 2795 668 2876 specialius
685 2795 720 2857 fit
733 2799 831 2858 status
845 2796 1008 2858 clericalis.
1028 2798 1130 2870 Quare

197 2885 278 2947 hanc
300 2887 550 2951 dissertationem
575 2905 639 2970 qua
657 2889 748 2950 nohis
762 2889 991 2951 consideranda
1014 2907 1131 2968 propo-

197 2979 315 3042 suimus
343 2980 446 3042 oilicia
474 2985 574 3044 status
600 2981 762 3060 clericalis,
788 2982 820 3042 in
845 2981 908 3044 duo
921 2981 1028 3062 capita
1053 2981 1129 3042 divi·

196 3074 307 3138 demus
319 3093 325 3136 :

236 3168 267 3230 l⁰
288 3169 332 3229 De
355 3163 464 3229 ciliciis
478 3167 613 3246 propriis
628 3171 727 3230 status
747 3168 897 3230 clericalis
911 3167 944 3228 iu
968 3167 1128 3230 communi

195 3265 226 3324 et
239 3261 272 3322 in
286 3279 401 3341 genere
414 3259 622 3340 considerati,

234 3359 265 3416 2⁰
286 3358 330 3415 De
354 3353 464 3416 officiis
485 3355 583 3415 status
607 3354 759 3416 clericalis
784 3355 919 3436 propriis
940 3354 1128 3417 clericorum

194 3445 361 3526 majorum.
