2518 4144
227 331 266 390 tl
436 331 666 386 msrrrurronss
686 331 769 380 runis
791 323 945 376 canotum.

268 483 346 546 Aliae
357 497 454 563 poteo
467 480 509 540 sd
521 477 699 556 exemplum
711 473 883 554 publicum.

268 577 381 638 Primae
405 575 430 636 si
458 571 672 646 remittantur,
698 569 845 632 dicuntur
870 563 1046 643 indulgeri,
1080 563 1166 624 unde

229 671 353 732 illarum
380 666 521 728 remissio
548 664 723 742 appellatur
747 659 939 740 indulgentia.
962 657 1124 718 Secundae
1142 657 1166 716 si

228 763 395 838 tollantur,
417 760 564 820 dicuntur
583 756 717 832 absolvi,
741 755 824 815 unde
839 753 966 814 illarum
989 751 1164 826 relaxatio,

228 855 369 918 absolutio
383 855 592 930 nuncupatur.
603 849 715 912 Tertiae
729 848 754 908 si
766 847 926 922 tollantur,
941 843 1095 904 dicuntur
1107 843 1167 904 dis·

229 947 370 1028 pensari,
386 945 469 1006 unde
486 931 610 1004 illarum
625 941 768 1016 cessatio,
783 937 958 1018 dispensatio
971 936 1102 1013 dicitur,
1117 936 1167 996 vel

229 1043 262 1102 in
274 1039 442 1120 pristinum
456 1041 571 1098 statum
588 1034 753 1096 restitutio.

270 1133 332 1196 Sed
350 1131 446 1193 variae
465 1132 637 1190 nascuntur
650 1127 770 1205 species
783 1125 847 1186 sive
867 1121 1074 1203 poenitentiae,
1100 1123 1164 1183 sive

231 1243 383 1302 censuras,
398 1223 462 1284 sive
478 1240 591 1301 poenae,
609 1221 633 1281 si
645 1221 769 1280 illarum
779 1215 1162 1296 considereturobjeetam,

229 1319 256 1382 si
270 1317 391 1398 prodas,
405 1317 430 1378 si
446 1315 557 1392 modus,
573 1333 634 1394 quo
649 1313 843 1392 infliguntur.

400 1469 444 1521 511.
454 1480 484 1510 ot
493 1477 623 1510 rossanum
638 1473 865 1508 rmssnsricrnum
876 1471 985 1504 cessero.

272 1599 309 1659 V.
330 1593 494 1675 Objectum
507 1607 673 1672 poenarum
695 1586 994 1664 ecclesiasticarum,
1016 1586 1043 1648 si
1064 1586 1164 1665 poeni-
1245 1563 1246 1594 f

232 1689 346 1752 tentias
357 1686 558 1763 excipiamus,
576 1701 645 1763 quae
658 1681 827 1760 aliquando
838 1679 871 1739 in
887 1679 969 1741 facto
985 1680 1164 1758 praestando
1245 1691 1246 1720 l

234 1782 365 1861 possunt
383 1777 567 1853 consistere,
593 1774 767 1855 generatim
794 1773 952 1853 loquendo
970 1773 1115 1836 consistit
1136 1773 1165 1832 in

235 1870 409 1953 privatione
418 1888 474 1930 sen
484 1869 690 1930 diminutione
697 1867 817 1947 jurium
832 1865 1063 1927 communionis
1072 1867 1165 1927 chris-

236 1955 345 2038 tianaer
363 1963 446 2024 unde
459 1961 627 2042 antiquitas
647 1959 951 2022 exconmunicoaonis
967 1977 1085 2020 nomen
1106 1959 1165 2020 cui-

235 2058 312 2120 libet
342 2056 456 2136 speciei
485 2073 651 2135 poenarum
678 2053 961 2115 ecclesiasticarum
989 2057 1165 2132 competere

235 2151 412 2215 videbatur.

276 2245 293 2307 J
296 2261 347 2304 am
362 2261 436 2305 vero
446 2241 624 2304 communio
632 2240 804 2302 christiana
812 2240 928 2320 duplex
941 2239 1145 2320 distinguitur
1158 2261 1163 2301 :

237 2337 300 2398 alia
312 2353 382 2414 quae
400 2335 555 2414 generalis
568 2338 624 2412 est,
637 2351 749 2413 nempe
765 2333 841 2394 loica
856 2334 1027 2410 saramania,
1042 2334 1167 2414 propria
1244 2331 1245 2352 ¹

238 2426 450 2508 quorumlibet
466 2427 723 2500 christianorum,
739 2427 801 2488 alia
815 2444 890 2488 vero
904 2428 1085 2488 communio
1101 2445 1167 2506 spe

236 2519 335 2596 ciclis,
352 2519 537 2581 clericorum
551 2521 690 2599 propria,
708 2539 820 2599 nempe
837 2520 980 2580 clericalis
994 2522 1164 2582 communio.
1244 2555 1245 2562 κ

237 2613 372 2676 Proinde
386 2613 559 2675 secundum
567 2614 653 2694 quod
662 2613 770 2674 thema
779 2613 963 2692 privationis
970 2614 1035 2675 sint
1041 2615 1093 2676 vel
1098 2615 1167 2696 jura

237 2707 362 2768 laicalia
387 2707 437 2767 vel
452 2706 532 2786 tura
555 2706 721 2784 clericalia,
747 2707 792 2768 ita
819 2710 851 2767 et
873 2707 1165 2783 excommunicatio,
1244 2727 1245 2730 ¹

236 2817 294 2860 seu
306 2817 401 2877 piena
414 2797 506 2879 hujus
521 2799 714 2878 privationis,
728 2799 876 2878 distingui
891 2803 1005 2878 potest.

170 2959 173 2968 ,
280 2891 342 2952 Sed
356 2891 430 2971 jura
448 2891 675 2952 communionis
702 2891 766 2952 sive
787 2892 905 2952 laicalis
928 2892 993 2954 aive
1017 2892 1166 2956 clericalis

240 2982 371 3046 dirersis
385 2983 487 3044 modis
505 2985 636 3045 diminui
654 2989 794 3064 possunt.
818 2987 897 3046 Nam
912 2990 1045 3064 possunt
1058 2987 1165 3064 minui,

239 3078 290 3139 vel
311 3075 460 3138 radicitus
482 3077 514 3137 in
541 3095 574 3138 se
595 3077 661 3138 tolli
680 3077 749 3157 ipsa
761 3079 844 3159 jura,
869 3080 919 3140 vel
948 3080 1054 3158 quoad
1078 3099 1167 3141 suurn

185 3177 188 3182 '
240 3170 441 3248 exercitium,
461 3170 505 3232 ita
527 3174 573 3247 ut,
591 3170 716 3250 juribus
738 3172 952 3249 manentibus,
979 3191 1092 3233 eorum
1115 3192 1167 3232 au·

239 3264 382 3326 ferantur
406 3265 544 3326 effectus
571 3265 710 3343 Utroque
742 3265 799 3326 sub
829 3269 973 3344 respectu
991 3265 1164 3326 imminutio

235 3357 355 3438 jurium
379 3357 428 3418 vel
456 3357 554 3416 totalis
583 3357 633 3416 vel
656 3358 799 3436 partialis
817 3375 885 3418 esse
914 3361 1036 3436 potest,
1064 3359 1164 3438 prouti
1243 3411 1244 3432 ,

239 3451 345 3510 omnia
356 3449 429 3528 jura
442 3449 593 3509 tolluntur
606 3449 656 3510 vel
670 3454 791 3513 tantinn
809 3451 1043 3530 suspenduntur
1064 3453 1165 3534 quoad
1243 3521 1244 3528 ,

239 3540 535 3610 suumexercitium.
1243 3539 1244 3542 ’
