2502 4130
191 305 250 372 m
399 319 630 368 rnsrrrumonas
650 319 735 368 rums
756 315 910 368 masuras.
1233 35 1239 358 i

1237 395 1239 502 t

189 463 239 526 vel
262 462 369 544 quoad
379 463 562 526 exercitium
575 462 749 543 suspendit,
767 462 868 524 effecit
882 467 917 522 ut
931 461 1018 522 inim
1035 459 1132 524 cluis·

187 557 290 620 tianos
313 557 507 636 reperiretur
525 557 638 637 aliquis
650 561 750 620 stains
762 555 890 618 inferior
902 556 971 634 ipso
986 555 1132 634 generali

188 654 271 713 statu
286 650 398 728 laicali,
417 669 530 730 nempe
546 669 656 712 eorum
671 650 724 730 qui
743 650 783 710 ob
801 649 862 710 sibi
883 648 1041 710 intlictam
1062 666 1132 727 poe·

189 763 275 821 nam,
287 762 492 806 censoremve
501 747 557 804 aut
566 743 796 824 poenitentiam,
805 742 865 802 illis
870 741 998 822 juribus
1011 741 1058 802 uti
1069 760 1131 804 uon

188 841 315 918 possent
340 837 512 898 conditioni
536 837 640 898 laicali
666 837 812 916 propriis.
841 835 937 915 Cujus
959 835 1010 894 rei
1025 853 1134 896 exem-

188 931 276 1009 plum
298 929 578 991 luculentissimum
602 930 756 990 habemus
769 929 803 989 in
817 929 952 1007 publicae
972 929 1131 1006 poeuiteu·

188 1023 239 1084 tiae
261 1023 436 1102 disciplina,
462 1023 617 1102 siquidem
631 1024 820 1104 poenitentes
844 1022 888 1083 sio
902 1021 1010 1084 vocati
1025 1022 1078 1082 vel
1099 1023 1130 1082 in

189 1117 329 1178 Ecclesia
339 1135 400 1178 non
415 1117 576 1178 habebant
590 1135 763 1194 accessum,
784 1116 835 1176 vel
849 1115 881 1176 in
897 1115 1075 1194 quemdam
1088 1117 1131 1177 lo-
1238 1165 1239 1174 ,

190 1229 261 1272 aum
282 1210 462 1272 inferiorem
479 1210 716 1289 redigebantur,
743 1210 794 1271 vel
818 1209 858 1270 ab
879 1209 1024 1270 Ecclesia
1047 1209 1128 1289 ipsa,
1238 1249 1239 1306 ,

187 1309 329 1383 tempore
340 1303 517 1365 divinorum
529 1303 763 1382 mysteriorum,
778 1303 1031 1381 expellebantur,
1039 1303 1088 1373 ita
1097 1306 1132 1364 ut
1238 1307 1239 1316 ³

186 1396 225 1456 de
236 1395 360 1476 juribus
373 1397 536 1458 laicalibus
550 1397 689 1475 perfecte
701 1396 891 1474 participare
907 1415 972 1456 uon
981 1402 1126 1474 possent,

185 1488 384 1550 etchristiani
394 1489 887 1568 faraineamdcmradigebantnr
896 1488 1127 1566 conditionem,

185 1601 223 1644 ac
237 1582 454 1644 cathecumeni
469 1583 500 1644 in
516 1583 689 1644 Ecclesiam
703 1583 845 1644 nondum
856 1581 998 1644 admissi.

224 1693 299 1750 Haec
309 1689 348 1749 de
360 1689 629 1751 communioribus
643 1689 726 1751 inter
739 1689 836 1750 laicos
851 1689 1125 1764 distinctionibus3
1238 1657 1239 1712 ξ

184 1781 355 1861 singularia
386 1799 462 1844 vero
482 1782 557 1864 jura
588 1783 806 1864 scopaloresquc
823 1782 1041 1863 proeropotiooe
1063 1800 1128 1863 que

185 1875 267 1936 laicis
280 1883 456 1957 competunt,
470 1879 544 1938 sunt
560 1897 567 1939 :
585 1879 618 1938 1⁰
634 1877 687 1958 jus
702 1875 891 1952 advocatiae3
909 1879 941 1937 2⁰
951 1875 1007 1958 jus
1019 1879 1128 1956 patro-

186 1971 287 2032 natus.

478 2120 643 2166 surreptus
659 2119 823 2166 secururs

497 2263 619 2344 Dejcre
632 2261 802 2325 advocatiae.
841 2256 846 2262 ’

221 2425 273 2486 lV.
286 2425 365 2484 Gum
374 2424 547 2484 maximum
559 2424 694 2504 politicae
710 2423 868 2486 societatis
877 2423 1009 2500 bonum,
1023 2423 1124 2484 maxi-

181 2534 332 2597 mumque
352 2516 534 2596 praesidium
554 2519 595 2579 sit
624 2517 768 2578 custodia
799 2517 976 2596 religionis,
1011 2517 1066 2578 vix
1086 2536 1122 2578 ac

181 2610 387 2690 imperatores
409 2610 570 2673 christiani
585 2611 660 2671 facti
678 2615 761 2689 suut,
782 2629 846 2672 non
862 2613 1036 2688 potuerunt
1058 2629 1122 2672 nou

181 2705 320 2782 profiteri
341 2705 514 2765 maximum
528 2704 667 2766 studium
676 2704 827 2785 juvandae
845 2703 1018 2784 religionis.
1029 2704 1119 2767 Unde

56 2839 67 2850 .
180 2796 262 2856 inter
289 2800 405 2857 caetera
423 2797 498 2877 jura
520 2798 694 2879 majestatis
726 2798 787 2860 hoo
811 2798 992 2858 habuerunt
1021 2797 1119 2858 caris-

180 2887 294 2948 simum
305 2888 358 2969 jus
367 2891 476 2950 tuendi
485 2892 657 2952 Ecclesiam
666 2912 674 2952 :¹
686 2892 769 2972 quod
777 2891 830 2972 jus
839 2890 977 2972 sequiori
988 2909 1057 2952 aevo
1067 2891 1118 2951 ad-

179 2979 358 3062 vocatioejus
372 2983 491 3046 dietum
506 2989 567 3058 est;
586 3003 644 3046 nec
658 2985 798 3046 Ecclesia
809 2984 930 3064 respuit
937 2984 1021 3044 hunc
1032 2985 1116 3064 prin-

180 3077 285 3156 cipum
299 3075 411 3154 zelum,
429 3082 461 3138 et
475 3082 605 3158 excepto
623 3097 698 3140 casu
714 3097 775 3160 quo
790 3081 859 3140 tum
877 3080 908 3138 in
929 3077 1116 3139 inferiorum

179 3169 393 3247 subversione,
402 3173 470 3239 tum
482 3171 605 3232 obalias
613 3173 755 3252 politicas
765 3171 995 3233 vicissitudines
1004 3171 1115 3232 debuit

179 3265 256 3326 alios
271 3265 461 3340 defensores,
489 3263 566 3326 alios
587 3265 757 3326 advocatos
780 3265 840 3326 sibi
858 3269 947 3326 extra
969 3263 1114 3326 ordinem

177 3376 372 3437 comparare,
400 3361 552 3438 tanquam
577 3360 747 3441 advocatos
766 3377 839 3420 suos
863 3357 1041 3420 ordinarios
1067 3360 1110 3434 et,

177 3453 212 3509 ut
224 3450 269 3510 ita
280 3452 394 3529 dicam,
407 3456 507 3530 natos,
523 3453 710 3515 christianos
723 3453 834 3514 babuit
847 3451 1016 3532 principos.

219 3541 282 3598 Nec
301 3543 456 3624 principes
473 3546 555 3606 mole
576 3545 679 3609 meriti
700 3549 773 3608 suni
791 3545 831 3608 de
853 3547 943 3606 tanta
961 3543 1110 3606 Ecclesia
