2590 4130
183 355 242 418 ddi
389 371 619 418 rnsrrrorronus
639 373 723 425 suuis
745 369 898 421 canonici.

183 514 215 578 id
227 516 422 597 promitteret
432 517 516 598 quod
529 535 585 597 pro
600 537 634 579 se
651 519 763 580 melius
775 519 815 580 de
827 518 909 581 facto
922 518 954 578 in
966 520 1115 580 concreto

184 613 277 672 osset.

222 705 288 765 lloc
302 707 407 766 autem
419 705 544 765 evenire
559 723 620 767 non
634 708 738 784 potest
751 704 782 765 in
805 708 878 767 voto
892 705 1022 765 solemni
1036 751 1044 782 ,
1071 705 1114 766 si-

183 797 310 878 quidem
336 798 425 859 adest
449 798 595 860 Ecclesia
616 797 786 880 judicium;
812 797 908 876 igitur
931 801 1033 860 stante
1058 798 1114 860 illa

182 891 293 971 regula
308 891 446 970 speciali,
461 891 641 952 individuus
655 891 708 972 qui
729 909 820 952 suum
836 890 1018 952 tirocinium
1035 891 1115 970 iegi-

181 983 257 1046 time
275 984 432 1064 peregerit
449 987 520 1046 ante
535 1003 625 1045 suam
644 983 886 1064 professionem,
903 984 1036 1045 servatis
1049 1001 1112 1044 ser-

181 1077 292 1138 vendis
306 1076 532 1156 professionem
549 1077 635 1138 illam
652 1077 799 1153 emiserit,
816 1077 992 1155 subregula
1006 1077 1109 1154 vivat,

181 1173 213 1231 et
238 1169 270 1230 id
295 1170 435 1248 profecto
464 1174 649 1251 assequetur
679 1170 764 1250 quod
795 1169 839 1230 illi
872 1169 984 1230 melius
1008 1173 1056 1231 est
1081 1174 1114 1232 et

180 1261 338 1342 possibile.

220 1358 390 1434 Propterea
404 1375 443 1417 ne
462 1357 520 1419 sihi
542 1357 682 1419 Ecclesia
699 1356 910 1433 contradicat,
926 1375 989 1418 non
1008 1358 1113 1434 potest

181 1467 247 1510 esse
259 1449 338 1510 ratio
354 1449 516 1511 solutionis
531 1451 594 1512 voti
611 1449 758 1512 solemnis
775 1449 925 1528 profectio
941 1449 1110 1525 individui,

180 1541 239 1602 nisi
252 1542 386 1620 amplius
410 1561 472 1604 non
490 1544 668 1605 verificetur
685 1543 884 1621 suppositum
907 1542 1031 1622 (idest,
1053 1541 1112 1602 nisi

180 1635 254 1714 quia
272 1636 382 1712 regula
399 1635 453 1696 illa
473 1637 684 1716 elanguescat,
702 1637 787 1716 quod
806 1640 874 1697 erat
888 1634 1109 1714 suppositum),

181 1727 354 1788 secundum
367 1729 452 1807 quod
467 1729 606 1789 Ecclesia
620 1730 738 1791 bonum
759 1729 836 1789 illud
853 1729 964 1789 melius
989 1732 1020 1788 et
1038 1745 1113 1806 pos-

180 1819 268 1881 sibile
295 1839 362 1880 esse
391 1820 599 1901 judicaverat.
625 1822 715 1884 Unde
736 1821 916 1902 hujusmodi
941 1821 1112 1882 solutiones

104 1985 106 1991 Α
181 1913 337 1974 ordinarie
352 1914 567 1976 conceduntur
587 1915 619 1974 in
634 1914 837 1994 dissipatione
853 1917 885 1974 et
907 1913 1112 1992 suspensione

180 2007 230 2068 vel
244 2007 395 2086 languore
414 2007 627 2069 institutorum
640 2005 843 2086 regularium.
859 2009 903 2067 De
922 2010 1035 2068 caetaro
1059 2025 1112 2066 au-

180 2105 255 2178 tem,
271 2100 350 2162 ratio
366 2101 528 2162 solutionis
542 2101 605 2162 voti
621 2100 768 2161 solemnis
779 2118 841 2160 non
852 2104 955 2179 potest
969 2119 1037 2161 esse
1052 2098 1111 2160 nisi

180 2194 259 2255 ratio
284 2195 429 2275 quaedam
443 2198 592 2254 extranea
605 2193 689 2254 bono
708 2193 819 2254 morali
839 2193 1010 2270 individui,
1028 2213 1059 2254 v.
1076 2211 1108 2272 g.

179 2286 298 2348 honum
313 2287 484 2366 religionis,
497 2287 641 2364 civitatis,
656 2286 788 2365 physica
799 2287 962 2362 valetudo,
977 2289 1051 2358 eto.;
1067 2285 1111 2347 ita

180 2382 214 2440 ut
236 2379 381 2440 videatur
403 2380 463 2440 hoc
484 2378 602 2440 bonurn
616 2379 735 2440 morale
757 2378 908 2439 individui
925 2377 1109 2456 perfectioni

180 2471 434 2550 anteponendum
447 2491 525 2532 esse.

218 2563 308 2626 Unde
331 2563 399 2626 haeo
414 2568 558 2626 votorum
574 2564 754 2626 solemnitas
767 2563 951 2644 professioni
970 2563 1109 2642 regulari

179 2657 343 2734 accedeus,
367 2657 548 2736 rigidiorem
565 2657 638 2719 fecit
660 2657 822 2737 regulam,
842 2657 1035 2718 stabiliorem
1049 2659 1111 2717 sta·

178 2754 246 2812 tum
260 2752 448 2829 regularem,
468 2743 706 2812 intercludendo
721 2750 806 2811 viam
822 2769 884 2830 qua
895 2750 945 2810 vir
957 2749 1111 2828 regularis

179 2846 285 2921 posset
299 2842 331 2901 in
343 2843 493 2904 saeculum
506 2861 659 2905 remeare.
677 2843 776 2922 Igitur
789 2862 845 2922 per
856 2843 937 2904 hanc
945 2842 1110 2922 periodum

179 2933 319 2996 securior
334 2934 427 2996 simul
440 2940 471 2996 et
480 2935 611 3014 rigidior
618 2936 700 2997 faeta
713 2940 760 2996 est
768 2936 923 3014 regularis
934 2934 1107 3014 disciplina.

217 3031 249 3089 4⁰
283 3027 331 3088 Ad
357 3026 438 3088 hane
465 3029 616 3106 temporis
640 3028 805 3108 periodum
826 3028 1000 3108 reperimus
1024 3045 1111 3088 eom-

178 3121 295 3201 pletam
316 3119 461 3182 ordinum
480 3122 691 3201 exceptionem
710 3141 729 3182 a
751 3125 904 3200 potestate
925 3119 1107 3200 episcopali.

178 3217 331 3294 Namque,
345 3213 447 3293 prima
457 3214 597 3293 periodo,
609 3214 735 3276 familia
746 3215 972 3276 monachorum
981 3213 1109 3275 omnino

178 3307 421 3387 subjacebantur
431 3307 599 3368 dioecesani
613 3305 750 3387 episcopi
761 3307 1109 3384 auctoritati,tanquam

178 3399 302 3460 laicalia
322 3399 467 3462 sodalitia
489 3401 572 3461 intra
591 3401 751 3462 dioecesim
768 3399 919 3462 inst'tuta.
943 3399 1034 3460 luitio
1061 3417 1109 3459 se-

179 3490 633 3569 cundaeperiodi,iuitiaetiam
642 3493 1108 3574 tritasuutcujusdamexemp·

179 3579 273 3641 tionis
288 3582 495 3660 regularium,
519 3601 632 3664 nempe
653 3585 693 3647 ab
707 3588 799 3648 aetate
825 3585 966 3666 Gregorii
985 3585 1104 3666 magni.
