2518 4144
182 376 187 382 -
286 343 392 404 tocius
414 351 566 406 sancitus
586 355 670 404 rums
692 353 846 405 canorum.
994 335 1030 406 cl

96 502 152 562 illc
168 501 201 560 in
216 499 382 561 Occidente
400 499 485 580 quod
502 499 561 560 sub
580 499 698 562 Urbani
713 501 754 562 Vl
775 501 956 580 pontificatu
975 499 1034 562 ini-

97 595 180 656 tium
192 593 335 671 sumpsit.
353 595 451 654 Porro
464 593 530 654 sive
544 593 705 655 translatio
718 593 895 654 residentia
907 595 1035 655 Pontifi-

100 707 173 748 cum
183 686 349 762 Avenioui‚
362 686 428 746 sive
440 686 572 746 dubium
587 686 626 746 de
642 686 800 748 Pontificis
812 705 948 765 persona
959 685 1035 746 nihil

99 783 186 841 certe
196 779 406 839 minuebatde
417 779 752 841 intrinseeaPontillcis
762 779 966 852 auctoritate3
981 779 1034 839 sed

98 877 271 952 utrumque
282 871 490 933 imminuebat
503 872 682 951 opinionem
692 873 887 934 auctoritatis
901 873 1032 952 papalia.

99 964 266 1045 Siquidem
282 967 313 1024 et
323 964 463 1043 ipsorum
476 967 689 1027 Romanorum
701 967 886 1028 Pontificum
900 965 1035 1044 dignitas

97 1078 155 1120 seu
176 1057 330 1136 splendor
352 1058 546 1119 auctoritatis
566 1077 661 1138 quam
682 1060 851 1138 gerebant,
870 1059 1036 1120 videbatur

98 1151 184 1228 urbi,
202 1150 291 1230 cujus
308 1150 435 1211 titulum
452 1151 662 1230 episcopalem
677 1171 734 1230 per
748 1171 780 1212 se
795 1151 953 1228 ferebant,
968 1151 1036 1212 alli-

98 1248 192 1324 gata;
210 1243 342 1304 dubium
359 1261 434 1304 vero
451 1243 490 1304 de
504 1262 639 1322 persona
657 1245 816 1306 Pontificis
833 1245 987 1306 efficiebat
1002 1247 1036 1304 ut

88 1335 261 1420 ¹Pontiticis
283 1337 399 1414 placita
424 1355 486 1398 non
506 1336 597 1398 facile
624 1338 764 1400 obtinere
784 1338 903 1418 possint
926 1355 1036 1398 execu-

100 1432 232 1492 tionem.

142 1523 234 1586 Unde
248 1527 413 1600 coeperunt
426 1524 594 1602 principes,
609 1524 779 1604 aliquando
793 1529 880 1585 motu
895 1523 1033 1604 proprio,

101 1615 273 1696 aliquando
284 1620 442 1677 annuente
451 1617 518 1694 ipso
527 1618 676 1678 Pontifice
684 1617 733 1678 vel
744 1617 1033 1697 pseudo-pontifice,

101 1729 171 1770 sese
188 1708 365 1769 immiscere
388 1709 521 1788 negotiis
542 1710 688 1771 Ecclesiae
708 1715 742 1771 ut
760 1711 887 1788 turbae,
913 1715 1035 1770 exortas

102 1803 269 1864 occasione
279 1803 510 1881 competitionis
522 1803 792 1882 sedisapostolicae
803 1805 950 1864 aduobus
958 1805 1035 1863 Pon·

102 1897 252 1972 tificibuS,
261 1915 317 1974 per
328 1896 546 1958 auctoritatem
557 1915 645 1957 suam
656 1898 766 1957 sedare
778 1901 993 1976 procurarent.

142 1989 258 2052 Addita
269 1994 460 2068 propagatos
473 1990 606 2051 Wiclefii
619 1992 636 2051 J
639 1991 811 2068 oannisque
824 1991 890 2050 llus
900 2007 1032 2064 errores,

103 2083 157 2163 qui
171 2081 289 2160 pariter
303 2082 495 2160 impetebant
517 2083 693 2143 clericalem
713 2083 912 2160 dignitatem,
932 2099 1037 2140 sacro-

103 2193 239 2255 rumque
256 2175 328 2255 jura
346 2179 377 2236 et
402 2193 528 2238 omnem
553 2175 699 2236 Ecclesia
721 2174 949 2236 auctoritatem.
974 2172 1037 2233 nd-

103 2269 169 2330 dite
196 2271 321 2344 uatum,
343 2287 415 2328 saec.
432 2271 519 2345 XVI,
537 2268 661 2330 Henrici
686 2269 753 2330 vlll
774 2285 885 2348 opera,
901 2265 1037 2327 schisma

103 2361 324 2440 anglicanum;
348 2379 445 2440 opera
471 2380 546 2423 vero
572 2361 717 2438 Lutberi‚
745 2361 879 2438 Caluini,
907 2359 1035 2438 Zwiugli

105 2455 314 2533 aliorumque,
332 2453 576 2533 protestantismi
599 2454 753 2515 haeresim.
773 2455 844 2516 Sive
860 2454 944 2515 enim
961 2453 1037 2514 illud

104 2547 254 2624 schisma,
268 2547 333 2610 sive
349 2548 416 2609 haec
434 2547 573 2624 bareas,
590 2547 621 2607 iu
638 2547 686 2608 his
702 2548 824 2608 duobus
840 2547 1037 2626 potissimum

103 2643 290 2702 concertare
304 2641 372 2702 visa
381 2644 454 2702 sunt
468 2645 503 2701 ut
513 2641 731 2702 auctoritatem
745 2639 891 2702 Ecclesiae
908 2637 1039 2700 subver-

104 2737 212 2795 terent
231 2737 261 2794 et
280 2734 456 2814 principum
480 2737 667 2813 potestatem
691 2734 722 2794 in
744 2753 794 2794 res
813 2731 1038 2794 ecclesiasticas

104 2827 293 2888 extollerent
307 2831 339 2888 et
354 2830 585 2890 confirmarent.

147 2919 272 2982 Saeculo
291 2920 366 2980 item
382 2923 465 2984 XVll
481 2920 680 3001 jansenistae,
698 2920 929 3000 quodammodo
945 2919 1042 2992 redu-¹

104 3017 213 3074 centes
229 3012 261 3071 in
276 3017 414 3090 systema
429 3031 550 3074 errores
569 3019 769 3092 novatorum,
789 3033 844 3074 seu
864 3031 1039 3093 proponen-

104 3113 152 3168 tes
169 3105 282 3166 eadem
298 3105 452 3184 principia
472 3107 530 3168 sub
547 3112 675 3186 aspectu
693 3106 793 3186 magis
808 3105 1036 3185 philosophico,

106 3199 415 3279 ecclesiasticamque
433 3200 665 3277 auctoritatem,
684 3219 745 3280 quo
766 3204 913 3279 poteraut
931 3199 1037 3272 modo,

106 3292 329 3371 exspoliantes,
347 3312 385 3353 ex
402 3293 501 3354 altera
515 3298 604 3372 parte
619 3293 796 3373 principum
821 3293 1040 3354 auctoritatem

106 3387 191 3447 circa
207 3404 299 3446 sacra
317 3387 504 3448 confirmare
520 3387 721 3464 studuerunt,
739 3387 782 3448 ita
796 3405 909 3464 nempe
924 3389 958 3446 ut
972 3401 1041 3460 pas-

105 3484 213 3541 torum
242 3478 454 3541 ecclesiastica
479 3480 648 3543 auctoritas
677 3485 827 3564 tanquam
853 3497 873 3540 a
900 3474 1040 3556 principe

105 3569 359 3654 {subdelegato
374 3573 554 3640 haberetur.

198 3693 262 3748 tou.
283 3697 303 3742 ι.
917 3677 934 3742 l
