<?xml version="1.0" encoding="UTF-8"?>
<!DOCTYPE html PUBLIC "-//W3C//DTD XHTML 1.0 Transitional//EN"
    "http://www.w3.org/TR/xhtml1/DTD/xhtml1-transitional.dtd">
<html xmlns="http://www.w3.org/1999/xhtml" xml:lang="en" lang="en">
 <head>
  <title>
</title>
<meta http-equiv="Content-Type" content="text/html;charset=utf-8" />
  <meta name='ocr-system' content='tesseract 3.04.00' />
  <meta name='ocr-capabilities' content='ocr_page ocr_carea ocr_par ocr_line ocrx_word'/>
</head>
<body>
  <div class='ocr_page' id='page_1' title='image "./institutionesju03marigoog_0217.png"; bbox 0 0 2542 4122; ppageno 0'>
   <div class='ocr_carea' id='block_1_1' title="bbox 379 353 1081 414">
    <p class='ocr_par' dir='ltr' id='par_1_1' title="bbox 379 353 1081 414">
     <span class='ocr_line' id='line_1_1' title="bbox 379 353 1081 414; baseline 0.021 -15"><span class='ocrx_word' id='word_1_1' title='bbox 379 357 418 400; x_wconf 85' lang='lat' dir='ltr'>ou</span> <span class='ocrx_word' id='word_1_2' title='bbox 440 355 568 403; x_wconf 81' lang='lat' dir='ltr'>onrucro</span> <span class='ocrx_word' id='word_1_3' title='bbox 590 359 673 404; x_wconf 77' lang='lat' dir='ltr'>rums</span> <span class='ocrx_word' id='word_1_4' title='bbox 696 359 851 407; x_wconf 71' lang='lat' dir='ltr'>canonici.</span> <span class='ocrx_word' id='word_1_5' title='bbox 1023 353 1081 414; x_wconf 76' lang='lat'>209</span> 
     </span>
    </p>
   </div>
   <div class='ocr_carea' id='block_1_2' title="bbox 144 499 1087 1322">
    <p class='ocr_par' dir='ltr' id='par_1_2' title="bbox 144 499 1087 1322">
     <span class='ocr_line' id='line_1_2' title="bbox 188 499 1085 584; baseline 0.013 -27"><span class='ocrx_word' id='word_1_6' title='bbox 188 501 220 558; x_wconf 83' lang='lat'>6⁰</span> <span class='ocrx_word' id='word_1_7' title='bbox 232 499 306 558; x_wconf 84' lang='lat' dir='ltr'>Haec</span> <span class='ocrx_word' id='word_1_8' title='bbox 315 501 485 562; x_wconf 87' lang='lat' dir='ltr'>auctoritas</span> <span class='ocrx_word' id='word_1_9' title='bbox 495 504 669 580; x_wconf 89' lang='lat' dir='ltr'>praesertim</span> <span class='ocrx_word' id='word_1_10' title='bbox 681 505 711 563; x_wconf 95' lang='lat' dir='ltr'>in</span> <span class='ocrx_word' id='word_1_11' title='bbox 723 506 890 566; x_wconf 72' lang='lat' dir='ltr'>Occidente</span> <span class='ocrx_word' id='word_1_12' title='bbox 904 508 1008 584; x_wconf 90' lang='lat' dir='ltr'>quoad</span> <span class='ocrx_word' id='word_1_13' title='bbox 1018 529 1085 569; x_wconf 88' lang='lat' dir='ltr'>ver-</span> 
     </span>
     <span class='ocr_line' id='line_1_3' title="bbox 147 591 1085 678; baseline 0.012 -28"><span class='ocrx_word' id='word_1_14' title='bbox 147 591 224 650; x_wconf 89' lang='lat' dir='ltr'>bum</span> <span class='ocrx_word' id='word_1_15' title='bbox 243 594 272 651; x_wconf 87' lang='lat' dir='ltr'>et</span> <span class='ocrx_word' id='word_1_16' title='bbox 294 592 421 652; x_wconf 88' lang='lat' dir='ltr'>nomine</span> <span class='ocrx_word' id='word_1_17' title='bbox 443 593 571 655; x_wconf 89' lang='lat' dir='ltr'>honoris</span> <span class='ocrx_word' id='word_1_18' title='bbox 592 597 719 674; x_wconf 88' lang='lat' dir='ltr'>quidem</span> <span class='ocrx_word' id='word_1_19' title='bbox 734 599 894 671; x_wconf 79' lang='lat' dir='ltr'>remansit,</span> <span class='ocrx_word' id='word_1_20' title='bbox 912 600 967 658; x_wconf 89' lang='lat' dir='ltr'>sed</span> <span class='ocrx_word' id='word_1_21' title='bbox 982 602 1085 678; x_wconf 86' lang='lat' dir='ltr'>quoad</span> 
     </span>
     <span class='ocr_line' id='line_1_4' title="bbox 144 683 1085 770; baseline 0.012 -28"><span class='ocrx_word' id='word_1_22' title='bbox 144 683 218 763; x_wconf 86' lang='lat' dir='ltr'>jura</span> <span class='ocrx_word' id='word_1_23' title='bbox 225 683 289 742; x_wconf 90' lang='lat' dir='ltr'>fere</span> <span class='ocrx_word' id='word_1_24' title='bbox 299 685 452 746; x_wconf 83' lang='lat' dir='ltr'>exstincta</span> <span class='ocrx_word' id='word_1_25' title='bbox 467 691 523 763; x_wconf 88' lang='lat' dir='ltr'>est,</span> <span class='ocrx_word' id='word_1_26' title='bbox 541 694 671 767; x_wconf 85' lang='lat' dir='ltr'>excepta</span> <span class='ocrx_word' id='word_1_27' title='bbox 687 691 727 749; x_wconf 92' lang='lat' dir='ltr'>ad</span> <span class='ocrx_word' id='word_1_28' title='bbox 743 709 900 750; x_wconf 91' lang='lat' dir='ltr'>summum</span> <span class='ocrx_word' id='word_1_29' title='bbox 916 692 1085 770; x_wconf 87' lang='lat' dir='ltr'>archiepis-</span> 
     </span>
     <span class='ocr_line' id='line_1_5' title="bbox 148 776 1086 862; baseline 0.01 -26"><span class='ocrx_word' id='word_1_30' title='bbox 148 776 249 853; x_wconf 84' lang='lat' dir='ltr'>copali</span> <span class='ocrx_word' id='word_1_31' title='bbox 278 777 440 854; x_wconf 81' lang='lat' dir='ltr'>dignitate,</span> <span class='ocrx_word' id='word_1_32' title='bbox 469 781 558 860; x_wconf 84' lang='lat' dir='ltr'>cujus</span> <span class='ocrx_word' id='word_1_33' title='bbox 577 782 652 861; x_wconf 86' lang='lat' dir='ltr'>jura</span> <span class='ocrx_word' id='word_1_34' title='bbox 678 783 785 861; x_wconf 88' lang='lat' dir='ltr'>aliqua</span> <span class='ocrx_word' id='word_1_35' title='bbox 815 784 846 842; x_wconf 93' lang='lat' dir='ltr'>in</span> <span class='ocrx_word' id='word_1_36' title='bbox 869 789 958 862; x_wconf 89' lang='lat' dir='ltr'>parte</span> <span class='ocrx_word' id='word_1_37' title='bbox 982 786 1086 846; x_wconf 87' lang='lat' dir='ltr'>adhuc</span> 
     </span>
     <span class='ocr_line' id='line_1_6' title="bbox 148 874 1086 956; baseline 0.013 -29"><span class='ocrx_word' id='word_1_38' title='bbox 148 875 362 948; x_wconf 89' lang='lat' dir='ltr'>perseverant.</span> <span class='ocrx_word' id='word_1_39' title='bbox 393 874 547 933; x_wconf 75' lang='lat' dir='ltr'>Caeterum</span> <span class='ocrx_word' id='word_1_40' title='bbox 578 875 682 952; x_wconf 88' lang='lat' dir='ltr'>potius</span> <span class='ocrx_word' id='word_1_41' title='bbox 711 876 839 936; x_wconf 89' lang='lat' dir='ltr'>honoris</span> <span class='ocrx_word' id='word_1_42' title='bbox 872 877 952 937; x_wconf 90' lang='lat' dir='ltr'>tituli</span> <span class='ocrx_word' id='word_1_43' title='bbox 991 897 1086 956; x_wconf 89' lang='lat' dir='ltr'>quam</span> 
     </span>
     <span class='ocr_line' id='line_1_7' title="bbox 148 963 1087 1047; baseline 0.01 -25"><span class='ocrx_word' id='word_1_44' title='bbox 148 963 229 1022; x_wconf 90' lang='lat' dir='ltr'>tituli</span> <span class='ocrx_word' id='word_1_45' title='bbox 242 981 325 1022; x_wconf 79' lang='lat' dir='ltr'>verae</span> <span class='ocrx_word' id='word_1_46' title='bbox 338 963 566 1043; x_wconf 83' lang='lat' dir='ltr'>jurisdictionis</span> <span class='ocrx_word' id='word_1_47' title='bbox 580 968 653 1028; x_wconf 86' lang='lat' dir='ltr'>facti</span> <span class='ocrx_word' id='word_1_48' title='bbox 676 973 748 1029; x_wconf 89' lang='lat' dir='ltr'>sunt</span> <span class='ocrx_word' id='word_1_49' title='bbox 769 969 801 1027; x_wconf 94' lang='lat' dir='ltr'>hi</span> <span class='ocrx_word' id='word_1_50' title='bbox 814 969 932 1047; x_wconf 87' lang='lat' dir='ltr'>gradus</span> <span class='ocrx_word' id='word_1_51' title='bbox 951 971 1087 1030; x_wconf 86' lang='lat' dir='ltr'>auotori-</span> 
     </span>
     <span class='ocr_line' id='line_1_8' title="bbox 147 1055 1085 1141; baseline 0.009 -27"><span class='ocrx_word' id='word_1_52' title='bbox 147 1055 1085 1141; x_wconf 80' lang='lat' dir='ltr'>tatisHujusimminutionisoausaefueruntmagnaexparte</span> 
     </span>
     <span class='ocr_line' id='line_1_9' title="bbox 148 1148 1084 1234; baseline 0.01 -28"><span class='ocrx_word' id='word_1_53' title='bbox 148 1148 321 1226; x_wconf 77' lang='lat' dir='ltr'>legationes</span> <span class='ocrx_word' id='word_1_54' title='bbox 344 1151 523 1228; x_wconf 78' lang='lat' dir='ltr'>apostolica</span> <span class='ocrx_word' id='word_1_55' title='bbox 550 1172 620 1230; x_wconf 88' lang='lat' dir='ltr'>quae</span> <span class='ocrx_word' id='word_1_56' title='bbox 655 1154 852 1232; x_wconf 89' lang='lat' dir='ltr'>sequioribus</span> <span class='ocrx_word' id='word_1_57' title='bbox 889 1155 1084 1234; x_wconf 86' lang='lat' dir='ltr'>temporibus</span> 
     </span>
     <span class='ocr_line' id='line_1_10' title="bbox 148 1240 651 1322; baseline 0.012 -23"><span class='ocrx_word' id='word_1_58' title='bbox 148 1240 362 1318; x_wconf 88' lang='lat' dir='ltr'>obtinuerunt,</span> <span class='ocrx_word' id='word_1_59' title='bbox 380 1243 418 1302; x_wconf 90' lang='lat' dir='ltr'>de</span> <span class='ocrx_word' id='word_1_60' title='bbox 434 1244 547 1322; x_wconf 89' lang='lat' dir='ltr'>quibus</span> <span class='ocrx_word' id='word_1_61' title='bbox 560 1245 651 1306; x_wconf 90' lang='lat' dir='ltr'>infra.</span> 
     </span>
    </p>
   </div>
   <div class='ocr_carea' id='block_1_3' title="bbox 148 1399 1084 1525">
    <p class='ocr_par' dir='ltr' id='par_1_3' title="bbox 148 1399 1084 1525">
     <span class='ocr_line' id='line_1_11' title="bbox 148 1399 1084 1458; baseline 0.009 -20"><span class='ocrx_word' id='word_1_62' title='bbox 148 1400 177 1442; x_wconf 86' lang='lat'>11.</span> <span class='ocrx_word' id='word_1_63' title='bbox 193 1401 223 1440; x_wconf 85' lang='lat' dir='ltr'>De</span> <span class='ocrx_word' id='word_1_64' title='bbox 243 1399 345 1453; x_wconf 84' lang='lat' dir='ltr'>gradihus</span> <span class='ocrx_word' id='word_1_65' title='bbox 357 1401 548 1456; x_wconf 80' lang='lat' dir='ltr'>supraepiscopalis</span> <span class='ocrx_word' id='word_1_66' title='bbox 561 1403 668 1458; x_wconf 81' lang='lat' dir='ltr'>dignitatis</span> <span class='ocrx_word' id='word_1_67' title='bbox 682 1402 718 1456; x_wconf 89' lang='lat' dir='ltr'>qui</span> <span class='ocrx_word' id='word_1_68' title='bbox 733 1404 797 1446; x_wconf 83' lang='lat' dir='ltr'>cerlis</span> <span class='ocrx_word' id='word_1_69' title='bbox 809 1404 896 1447; x_wconf 79' lang='lat' dir='ltr'>sedilios</span> <span class='ocrx_word' id='word_1_70' title='bbox 912 1417 953 1448; x_wconf 88' lang='lat' dir='ltr'>non</span> <span class='ocrx_word' id='word_1_71' title='bbox 967 1404 1084 1456; x_wconf 77' lang='lat' dir='ltr'>inherent,</span> 
     </span>
     <span class='ocr_line' id='line_1_12' title="bbox 530 1469 704 1525; baseline 0 -15"><span class='ocrx_word' id='word_1_72' title='bbox 530 1481 568 1510; x_wconf 86' lang='lat' dir='ltr'>seu</span> <span class='ocrx_word' id='word_1_73' title='bbox 579 1469 607 1510; x_wconf 81' lang='lat' dir='ltr'>de</span> <span class='ocrx_word' id='word_1_74' title='bbox 621 1469 704 1525; x_wconf 78' lang='lat' dir='ltr'>legatis.</span> 
     </span>
    </p>
   </div>
   <div class='ocr_carea' id='block_1_4' title="bbox 144 1604 1088 3704">
    <p class='ocr_par' dir='ltr' id='par_1_4' title="bbox 144 1604 1085 2240">
     <span class='ocr_line' id='line_1_13' title="bbox 190 1604 1085 1687; baseline 0.007 -22"><span class='ocrx_word' id='word_1_75' title='bbox 190 1605 284 1665; x_wconf 85' lang='lat' dir='ltr'>XVII.</span> <span class='ocrx_word' id='word_1_76' title='bbox 309 1605 380 1664; x_wconf 85' lang='lat' dir='ltr'>Jam</span> <span class='ocrx_word' id='word_1_77' title='bbox 395 1604 449 1664; x_wconf 91' lang='lat' dir='ltr'>diu</span> <span class='ocrx_word' id='word_1_78' title='bbox 465 1606 504 1666; x_wconf 90' lang='lat' dir='ltr'>ab</span> <span class='ocrx_word' id='word_1_79' title='bbox 524 1607 726 1686; x_wconf 85' lang='lat' dir='ltr'>antiquitate,</span> <span class='ocrx_word' id='word_1_80' title='bbox 754 1626 851 1687; x_wconf 92' lang='lat' dir='ltr'>quum</span> <span class='ocrx_word' id='word_1_81' title='bbox 877 1625 940 1668; x_wconf 91' lang='lat' dir='ltr'>non</span> <span class='ocrx_word' id='word_1_82' title='bbox 957 1615 1085 1686; x_wconf 84' lang='lat' dir='ltr'>possent</span> 
     </span>
     <span class='ocr_line' id='line_1_14' title="bbox 148 1696 1084 1777; baseline 0.005 -20"><span class='ocrx_word' id='word_1_83' title='bbox 148 1696 281 1758; x_wconf 87' lang='lat' dir='ltr'>Romani</span> <span class='ocrx_word' id='word_1_84' title='bbox 297 1697 462 1758; x_wconf 86' lang='lat' dir='ltr'>Pontifices</span> <span class='ocrx_word' id='word_1_85' title='bbox 475 1718 533 1777; x_wconf 89' lang='lat' dir='ltr'>per</span> <span class='ocrx_word' id='word_1_86' title='bbox 544 1719 577 1759; x_wconf 89' lang='lat' dir='ltr'>se</span> <span class='ocrx_word' id='word_1_87' title='bbox 591 1701 754 1761; x_wconf 84' lang='lat' dir='ltr'>consulere</span> <span class='ocrx_word' id='word_1_88' title='bbox 765 1701 910 1761; x_wconf 90' lang='lat' dir='ltr'>omnibus</span> <span class='ocrx_word' id='word_1_89' title='bbox 923 1702 1084 1762; x_wconf 85' lang='lat' dir='ltr'>ecclesias·</span> 
     </span>
     <span class='ocr_line' id='line_1_15' title="bbox 147 1790 1085 1872; baseline 0.004 -22"><span class='ocrx_word' id='word_1_90' title='bbox 147 1790 218 1850; x_wconf 87' lang='lat' dir='ltr'>tiois</span> <span class='ocrx_word' id='word_1_91' title='bbox 241 1790 374 1867; x_wconf 88' lang='lat' dir='ltr'>negotiis</span> <span class='ocrx_word' id='word_1_92' title='bbox 400 1810 469 1870; x_wconf 88' lang='lat' dir='ltr'>quae</span> <span class='ocrx_word' id='word_1_93' title='bbox 485 1794 595 1871; x_wconf 89' lang='lat' dir='ltr'>procul</span> <span class='ocrx_word' id='word_1_94' title='bbox 620 1794 753 1854; x_wconf 84' lang='lat' dir='ltr'>aburhe</span> <span class='ocrx_word' id='word_1_95' title='bbox 775 1794 1009 1872; x_wconf 85' lang='lat' dir='ltr'>contingebant,</span> <span class='ocrx_word' id='word_1_96' title='bbox 1026 1813 1085 1854; x_wconf 87' lang='lat' dir='ltr'>neo</span> 
     </span>
     <span class='ocr_line' id='line_1_16' title="bbox 147 1883 1083 1963; baseline 0 -20"><span class='ocrx_word' id='word_1_97' title='bbox 147 1903 205 1962; x_wconf 87' lang='lat' dir='ltr'>per</span> <span class='ocrx_word' id='word_1_98' title='bbox 228 1883 455 1944; x_wconf 85' lang='lat' dir='ltr'>institutionem</span> <span class='ocrx_word' id='word_1_99' title='bbox 472 1887 629 1963; x_wconf 87' lang='lat' dir='ltr'>graduum</span> <span class='ocrx_word' id='word_1_100' title='bbox 649 1887 841 1962; x_wconf 89' lang='lat' dir='ltr'>metropolis,</span> <span class='ocrx_word' id='word_1_101' title='bbox 864 1887 1018 1963; x_wconf 86' lang='lat' dir='ltr'>primatus</span> <span class='ocrx_word' id='word_1_102' title='bbox 1033 1885 1083 1946; x_wconf 86' lang='lat' dir='ltr'>vel</span> 
     </span>
     <span class='ocr_line' id='line_1_17' title="bbox 144 1976 1084 2054; baseline 0 -18"><span class='ocrx_word' id='word_1_103' title='bbox 144 1976 376 2054; x_wconf 85' lang='lat' dir='ltr'>patriarchatus</span> <span class='ocrx_word' id='word_1_104' title='bbox 391 1977 464 2036; x_wconf 84' lang='lat' dir='ltr'>huic</span> <span class='ocrx_word' id='word_1_105' title='bbox 482 1978 558 2038; x_wconf 88' lang='lat' dir='ltr'>satis</span> <span class='ocrx_word' id='word_1_106' title='bbox 572 1978 734 2054; x_wconf 88' lang='lat' dir='ltr'>provisum</span> <span class='ocrx_word' id='word_1_107' title='bbox 755 1995 823 2037; x_wconf 88' lang='lat' dir='ltr'>esse</span> <span class='ocrx_word' id='word_1_108' title='bbox 846 1978 1009 2038; x_wconf 88' lang='lat' dir='ltr'>videretur</span> <span class='ocrx_word' id='word_1_109' title='bbox 1027 1996 1084 2037; x_wconf 90' lang='lat' dir='ltr'>ne-</span> 
     </span>
     <span class='ocr_line' id='line_1_18' title="bbox 148 2069 1084 2144; baseline -0.002 -14"><span class='ocrx_word' id='word_1_110' title='bbox 148 2069 297 2144; x_wconf 85' lang='lat' dir='ltr'>cessitati,</span> <span class='ocrx_word' id='word_1_111' title='bbox 320 2075 552 2130; x_wconf 84' lang='lat' dir='ltr'>consueverunt</span> <span class='ocrx_word' id='word_1_112' title='bbox 577 2070 645 2130; x_wconf 92' lang='lat' dir='ltr'>aliis</span> <span class='ocrx_word' id='word_1_113' title='bbox 662 2069 737 2129; x_wconf 85' lang='lat' dir='ltr'>viris</span> <span class='ocrx_word' id='word_1_114' title='bbox 756 2089 871 2130; x_wconf 89' lang='lat' dir='ltr'>munus</span> <span class='ocrx_word' id='word_1_115' title='bbox 889 2069 1084 2129; x_wconf 83' lang='lat' dir='ltr'>committere</span> 
     </span>
     <span class='ocr_line' id='line_1_19' title="bbox 149 2161 782 2240; baseline -0.002 -18"><span class='ocrx_word' id='word_1_116' title='bbox 149 2163 413 2240; x_wconf 82' lang='lat' dir='ltr'>repraesentandae</span> <span class='ocrx_word' id='word_1_117' title='bbox 426 2163 593 2240; x_wconf 84' lang='lat' dir='ltr'>pontilioiae</span> <span class='ocrx_word' id='word_1_118' title='bbox 611 2161 782 2240; x_wconf 82' lang='lat' dir='ltr'>dignitatis</span> 
     </span>
    </p>

    <p class='ocr_par' dir='ltr' id='par_1_5' title="bbox 149 2251 1088 2612">
     <span class='ocr_line' id='line_1_20' title="bbox 190 2251 1088 2333; baseline -0.004 -17"><span class='ocrx_word' id='word_1_119' title='bbox 190 2255 279 2316; x_wconf 88' lang='lat' dir='ltr'>Unde</span> <span class='ocrx_word' id='word_1_120' title='bbox 295 2255 347 2333; x_wconf 90' lang='lat' dir='ltr'>qui</span> <span class='ocrx_word' id='word_1_121' title='bbox 367 2255 427 2316; x_wconf 87' lang='lat' dir='ltr'>hoc</span> <span class='ocrx_word' id='word_1_122' title='bbox 444 2274 574 2314; x_wconf 88' lang='lat' dir='ltr'>munere</span> <span class='ocrx_word' id='word_1_123' title='bbox 594 2255 808 2332; x_wconf 87' lang='lat' dir='ltr'>fungebantur</span> <span class='ocrx_word' id='word_1_124' title='bbox 831 2252 922 2331; x_wconf 76' lang='lat' dir='ltr'>lopati</span> <span class='ocrx_word' id='word_1_125' title='bbox 935 2251 1088 2332; x_wconf 78' lang='lat' dir='ltr'>apostolici</span> 
     </span>
     <span class='ocr_line' id='line_1_21' title="bbox 149 2345 1084 2426; baseline -0.002 -19"><span class='ocrx_word' id='word_1_126' title='bbox 149 2347 224 2408; x_wconf 86' lang='lat' dir='ltr'>dicti</span> <span class='ocrx_word' id='word_1_127' title='bbox 239 2352 329 2420; x_wconf 76' lang='lat' dir='ltr'>sunt,</span> <span class='ocrx_word' id='word_1_128' title='bbox 361 2367 494 2426; x_wconf 85' lang='lat' dir='ltr'>quorum</span> <span class='ocrx_word' id='word_1_129' title='bbox 518 2348 705 2426; x_wconf 85' lang='lat' dir='ltr'>multiplices</span> <span class='ocrx_word' id='word_1_130' title='bbox 724 2346 935 2408; x_wconf 90' lang='lat' dir='ltr'>institutiones</span> <span class='ocrx_word' id='word_1_131' title='bbox 960 2345 1001 2405; x_wconf 92' lang='lat' dir='ltr'>ad</span> <span class='ocrx_word' id='word_1_132' title='bbox 1021 2345 1084 2406; x_wconf 93' lang='lat' dir='ltr'>duo</span> 
     </span>
     <span class='ocr_line' id='line_1_22' title="bbox 149 2438 1085 2519; baseline -0.002 -19"><span class='ocrx_word' id='word_1_133' title='bbox 149 2458 267 2519; x_wconf 86' lang='lat' dir='ltr'>genera</span> <span class='ocrx_word' id='word_1_134' title='bbox 295 2440 396 2500; x_wconf 88' lang='lat' dir='ltr'>solent</span> <span class='ocrx_word' id='word_1_135' title='bbox 425 2441 566 2501; x_wconf 85' lang='lat' dir='ltr'>revocari</span> <span class='ocrx_word' id='word_1_136' title='bbox 587 2462 593 2502; x_wconf 95' lang='lat'><strong>:</strong></span> <span class='ocrx_word' id='word_1_137' title='bbox 616 2442 666 2501; x_wconf 89' lang='lat' dir='ltr'>vel</span> <span class='ocrx_word' id='word_1_138' title='bbox 694 2439 778 2500; x_wconf 90' lang='lat' dir='ltr'>enim</span> <span class='ocrx_word' id='word_1_139' title='bbox 802 2438 1085 2499; x_wconf 87' lang='lat' dir='ltr'>extraordinariam</span> 
     </span>
     <span class='ocr_line' id='line_1_23' title="bbox 149 2533 762 2612; baseline 0 -20"><span class='ocrx_word' id='word_1_140' title='bbox 149 2533 474 2612; x_wconf 88' lang='lat' dir='ltr'>geruntlegationem,</span> <span class='ocrx_word' id='word_1_141' title='bbox 487 2534 537 2593; x_wconf 89' lang='lat' dir='ltr'>vel</span> <span class='ocrx_word' id='word_1_142' title='bbox 546 2533 736 2593; x_wconf 87' lang='lat' dir='ltr'>ordinariam</span> <span class='ocrx_word' id='word_1_143' title='bbox 756 2553 762 2592; x_wconf 93' lang='lat'>:</span> 
     </span>
    </p>

    <p class='ocr_par' dir='ltr' id='par_1_6' title="bbox 149 2621 1086 3260">
     <span class='ocr_line' id='line_1_24' title="bbox 191 2621 1085 2705; baseline -0.007 -19"><span class='ocrx_word' id='word_1_144' title='bbox 191 2626 221 2686; x_wconf 75' lang='grc' dir='ltr'>1ο</span> <span class='ocrx_word' id='word_1_145' title='bbox 249 2625 501 2686; x_wconf 77' lang='lat' dir='ltr'>Entroordt&#39;norii</span> <span class='ocrx_word' id='word_1_146' title='bbox 530 2627 621 2705; x_wconf 76' lang='lat' dir='ltr'>lopati</span> <span class='ocrx_word' id='word_1_147' title='bbox 645 2626 689 2684; x_wconf 91' lang='lat' dir='ltr'>illi</span> <span class='ocrx_word' id='word_1_148' title='bbox 709 2627 783 2684; x_wconf 88' lang='lat' dir='ltr'>sunt</span> <span class='ocrx_word' id='word_1_149' title='bbox 804 2623 856 2701; x_wconf 89' lang='lat' dir='ltr'>qui</span> <span class='ocrx_word' id='word_1_150' title='bbox 888 2621 1014 2699; x_wconf 81' lang='lat' dir='ltr'>speciali</span> <span class='ocrx_word' id='word_1_151' title='bbox 1035 2622 1085 2681; x_wconf 83' lang='lat' dir='ltr'>vel</span> 
     </span>
     <span class='ocr_line' id='line_1_25' title="bbox 150 2713 1086 2792; baseline -0.005 -14"><span class='ocrx_word' id='word_1_152' title='bbox 150 2719 401 2780; x_wconf 84' lang='lat' dir='ltr'>extraordinario</span> <span class='ocrx_word' id='word_1_153' title='bbox 423 2719 573 2779; x_wconf 91' lang='lat' dir='ltr'>mandato</span> <span class='ocrx_word' id='word_1_154' title='bbox 594 2719 763 2779; x_wconf 88' lang='lat' dir='ltr'>mittuntur</span> <span class='ocrx_word' id='word_1_155' title='bbox 785 2715 825 2774; x_wconf 91' lang='lat' dir='ltr'>ad</span> <span class='ocrx_word' id='word_1_156' title='bbox 852 2713 1086 2792; x_wconf 86' lang='lat' dir='ltr'>procurandum</span> 
     </span>
     <span class='ocr_line' id='line_1_26' title="bbox 150 2807 1085 2890; baseline -0.004 -20"><span class='ocrx_word' id='word_1_157' title='bbox 150 2811 278 2890; x_wconf 88' lang='lat' dir='ltr'>aliquod</span> <span class='ocrx_word' id='word_1_158' title='bbox 317 2811 478 2889; x_wconf 89' lang='lat' dir='ltr'>negotium</span> <span class='ocrx_word' id='word_1_159' title='bbox 510 2810 755 2871; x_wconf 79' lang='lat' dir='ltr'>ecclesiasticum</span> <span class='ocrx_word' id='word_1_160' title='bbox 798 2826 870 2868; x_wconf 88' lang='lat' dir='ltr'>oum</span> <span class='ocrx_word' id='word_1_161' title='bbox 900 2807 1085 2868; x_wconf 85' lang='lat' dir='ltr'>auctoritate</span> 
     </span>
     <span class='ocr_line' id='line_1_27' title="bbox 149 2899 1086 2982; baseline -0.004 -18"><span class='ocrx_word' id='word_1_162' title='bbox 149 2904 427 2982; x_wconf 84' lang='lat' dir='ltr'>snpraepisoopali.</span> <span class='ocrx_word' id='word_1_163' title='bbox 450 2907 512 2964; x_wconf 91' lang='lat' dir='ltr'>Hos</span> <span class='ocrx_word' id='word_1_164' title='bbox 532 2922 641 2964; x_wconf 90' lang='lat' dir='ltr'>omnes</span> <span class='ocrx_word' id='word_1_165' title='bbox 668 2919 853 2961; x_wconf 89' lang='lat' dir='ltr'>enumerare</span> <span class='ocrx_word' id='word_1_166' title='bbox 873 2919 953 2978; x_wconf 90' lang='lat' dir='ltr'>pene</span> <span class='ocrx_word' id='word_1_167' title='bbox 969 2899 1086 2978; x_wconf 90' lang='lat' dir='ltr'>impos-</span> 
     </span>
     <span class='ocr_line' id='line_1_28' title="bbox 150 2995 1085 3074; baseline -0.004 -18"><span class='ocrx_word' id='word_1_168' title='bbox 150 2997 239 3057; x_wconf 90' lang='lat' dir='ltr'>sihile</span> <span class='ocrx_word' id='word_1_169' title='bbox 255 3001 313 3073; x_wconf 84' lang='lat' dir='ltr'>est,</span> <span class='ocrx_word' id='word_1_170' title='bbox 331 2996 434 3074; x_wconf 88' lang='lat' dir='ltr'>prouti</span> <span class='ocrx_word' id='word_1_171' title='bbox 460 2996 652 3074; x_wconf 88' lang='lat' dir='ltr'>impossihile</span> <span class='ocrx_word' id='word_1_172' title='bbox 667 2995 900 3074; x_wconf 89' lang='lat' dir='ltr'>quodammodo</span> <span class='ocrx_word' id='word_1_173' title='bbox 916 2997 963 3054; x_wconf 90' lang='lat' dir='ltr'>est</span> <span class='ocrx_word' id='word_1_174' title='bbox 976 3011 1085 3054; x_wconf 83' lang='lat' dir='ltr'>recen-</span> 
     </span>
     <span class='ocr_line' id='line_1_29' title="bbox 150 3085 1086 3168; baseline -0.005 -20"><span class='ocrx_word' id='word_1_175' title='bbox 150 3108 219 3149; x_wconf 89' lang='lat' dir='ltr'>sere</span> <span class='ocrx_word' id='word_1_176' title='bbox 233 3089 339 3149; x_wconf 89' lang='lat' dir='ltr'>omnia</span> <span class='ocrx_word' id='word_1_177' title='bbox 353 3089 527 3168; x_wconf 86' lang='lat' dir='ltr'>peculiaria</span> <span class='ocrx_word' id='word_1_178' title='bbox 542 3089 691 3168; x_wconf 83' lang='lat' dir='ltr'>adjuncta</span> <span class='ocrx_word' id='word_1_179' title='bbox 704 3105 773 3166; x_wconf 90' lang='lat' dir='ltr'>quae</span> <span class='ocrx_word' id='word_1_180' title='bbox 789 3085 969 3165; x_wconf 87' lang='lat' dir='ltr'>hujusmodi</span> <span class='ocrx_word' id='word_1_181' title='bbox 984 3088 1086 3145; x_wconf 87' lang='lat' dir='ltr'>extra-</span> 
     </span>
     <span class='ocr_line' id='line_1_30' title="bbox 151 3181 734 3260; baseline 0 -20"><span class='ocrx_word' id='word_1_182' title='bbox 151 3182 326 3242; x_wconf 89' lang='lat' dir='ltr'>ordinarias</span> <span class='ocrx_word' id='word_1_183' title='bbox 340 3183 541 3260; x_wconf 88' lang='lat' dir='ltr'>postularunt</span> <span class='ocrx_word' id='word_1_184' title='bbox 551 3181 734 3260; x_wconf 75' lang='lat' dir='ltr'>legationes</span> 
     </span>
    </p>

    <p class='ocr_par' dir='ltr' id='par_1_7' title="bbox 151 3267 1085 3631">
     <span class='ocr_line' id='line_1_31' title="bbox 192 3267 1085 3353; baseline -0.009 -18"><span class='ocrx_word' id='word_1_185' title='bbox 192 3275 314 3335; x_wconf 86' lang='lat' dir='ltr'>Soimus</span> <span class='ocrx_word' id='word_1_186' title='bbox 334 3275 504 3353; x_wconf 87' lang='lat' dir='ltr'>aliquando</span> <span class='ocrx_word' id='word_1_187' title='bbox 522 3275 633 3334; x_wconf 90' lang='lat' dir='ltr'>missos</span> <span class='ocrx_word' id='word_1_188' title='bbox 656 3275 751 3334; x_wconf 87' lang='lat' dir='ltr'>fuisse</span> <span class='ocrx_word' id='word_1_189' title='bbox 764 3273 884 3352; x_wconf 87' lang='lat' dir='ltr'>legatos</span> <span class='ocrx_word' id='word_1_190' title='bbox 899 3267 1085 3347; x_wconf 83' lang='lat' dir='ltr'>apostolicos</span> 
     </span>
     <span class='ocr_line' id='line_1_32' title="bbox 151 3358 1084 3445; baseline -0.011 -19"><span class='ocrx_word' id='word_1_191' title='bbox 151 3367 190 3426; x_wconf 91' lang='lat' dir='ltr'>ad</span> <span class='ocrx_word' id='word_1_192' title='bbox 208 3367 340 3427; x_wconf 79' lang='lat' dir='ltr'>concilia</span> <span class='ocrx_word' id='word_1_193' title='bbox 356 3387 411 3428; x_wconf 90' lang='lat' dir='ltr'>seu</span> <span class='ocrx_word' id='word_1_194' title='bbox 424 3367 594 3445; x_wconf 86' lang='lat' dir='ltr'>generalia,</span> <span class='ocrx_word' id='word_1_195' title='bbox 613 3385 667 3426; x_wconf 88' lang='lat' dir='ltr'>seu</span> <span class='ocrx_word' id='word_1_196' title='bbox 679 3365 890 3444; x_wconf 81' lang='lat' dir='ltr'>particularia,</span> <span class='ocrx_word' id='word_1_197' title='bbox 907 3365 942 3421; x_wconf 92' lang='lat' dir='ltr'>ut</span> <span class='ocrx_word' id='word_1_198' title='bbox 953 3358 1084 3419; x_wconf 88' lang='lat' dir='ltr'>Romani</span> 
     </span>
     <span class='ocr_line' id='line_1_33' title="bbox 151 3451 1084 3540; baseline -0.009 -22"><span class='ocrx_word' id='word_1_199' title='bbox 151 3459 312 3520; x_wconf 86' lang='lat' dir='ltr'>Pontifiois</span> <span class='ocrx_word' id='word_1_200' title='bbox 328 3460 454 3520; x_wconf 90' lang='lat' dir='ltr'>nomine</span> <span class='ocrx_word' id='word_1_201' title='bbox 474 3461 534 3520; x_wconf 88' lang='lat' dir='ltr'>illis</span> <span class='ocrx_word' id='word_1_202' title='bbox 545 3463 734 3540; x_wconf 86' lang='lat' dir='ltr'>praeessent;</span> <span class='ocrx_word' id='word_1_203' title='bbox 756 3459 831 3518; x_wconf 91' lang='lat' dir='ltr'>item</span> <span class='ocrx_word' id='word_1_204' title='bbox 852 3455 892 3514; x_wconf 88' lang='lat' dir='ltr'>ad</span> <span class='ocrx_word' id='word_1_205' title='bbox 914 3451 1084 3512; x_wconf 83' lang='lat' dir='ltr'>visitandas</span> 
     </span>
     <span class='ocr_line' id='line_1_34' title="bbox 151 3543 1084 3631; baseline -0.009 -20"><span class='ocrx_word' id='word_1_206' title='bbox 151 3552 319 3629; x_wconf 73' lang='lat' dir='ltr'>EcclesiaS,</span> <span class='ocrx_word' id='word_1_207' title='bbox 331 3553 446 3631; x_wconf 88' lang='lat' dir='ltr'>prouti,</span> <span class='ocrx_word' id='word_1_208' title='bbox 460 3573 491 3613; x_wconf 87' lang='lat' dir='ltr'>v.</span> <span class='ocrx_word' id='word_1_209' title='bbox 504 3573 534 3631; x_wconf 87' lang='lat' dir='ltr'>g.</span> <span class='ocrx_word' id='word_1_210' title='bbox 551 3555 660 3612; x_wconf 89' lang='lat' dir='ltr'>Petrus</span> <span class='ocrx_word' id='word_1_211' title='bbox 675 3549 844 3610; x_wconf 82' lang='lat' dir='ltr'>Damianos</span> <span class='ocrx_word' id='word_1_212' title='bbox 859 3563 930 3606; x_wconf 77' lang='lat' dir='ltr'>sao.</span> <span class='ocrx_word' id='word_1_213' title='bbox 946 3547 985 3604; x_wconf 81' lang='grc' dir='ltr'>Χο</span> <span class='ocrx_word' id='word_1_214' title='bbox 1000 3543 1084 3621; x_wconf 88' lang='lat' dir='ltr'>apud</span> 
     </span>
    </p>

    <p class='ocr_par' dir='ltr' id='par_1_8' title="bbox 933 3651 979 3704">
     <span class='ocr_line' id='line_1_35' title="bbox 933 3651 979 3704; baseline -0.022 0"><span class='ocrx_word' id='word_1_215' title='bbox 933 3651 979 3704; x_wconf 72' lang='lat' dir='ltr'>ta*</span> 
     </span>
    </p>
   </div>
   <div class='ocr_carea' id='block_1_5' title="bbox 0 0 1278 4122">
    <p class='ocr_par' dir='ltr' id='par_1_9' title="bbox 0 0 1278 4122">
     <span class='ocr_line' id='line_1_36' title="bbox 0 0 1278 4122; baseline 0 0"><span class='ocrx_word' id='word_1_216' title='bbox 0 0 1278 4122; x_wconf 95' lang='lat' dir='ltr'> </span> 
     </span>
    </p>
   </div>
  </div>
 </body>
</html>
