2518 4144
322 345 428 392 roomo
450 347 602 394 srscnus
624 347 706 394 rums
728 347 882 396 cononica
1026 339 1065 400 43

131 509 171 551 ac
196 491 316 550 certum
342 507 403 568 quo
433 491 643 570 promulgatio
669 490 776 569 legum
799 493 907 571 peragi
938 493 1063 571 debeat,

132 584 217 644 huno
231 583 399 644 contulisse
414 583 541 644 videtur
558 583 704 660 arbitrio,
723 603 778 644 seu
795 585 967 662 prudentiae
982 587 1065 666 prin·

131 677 221 755 cipis.
236 678 407 755 Propterea
421 677 537 738 suflicit
558 677 589 737 io
601 695 705 756 genere
718 681 752 738 ut
767 678 837 739 talis
853 681 957 739 motus
971 680 1066 758 eliga-

129 774 183 830 tur
206 789 264 848 per
285 786 380 848 quem
399 770 515 850 integro
532 772 731 846 communitos,
754 772 801 832 vet
823 771 998 845 immediate,
1023 774 1069 834 vet

129 862 267 936 raedicte,
284 863 330 923 cet
338 863 435 937 simul,
456 863 503 924 vel
513 863 675 940 successive,
697 869 816 926 certam
831 865 974 926 notitiam
989 865 1067 944 legis

129 957 259 1016 haheat.
285 955 357 1016 Sive
382 975 456 1034 ergo
478 957 623 1036 princeps
642 957 702 1018 hoc
717 958 823 1034 iaciat,
843 959 893 1018 vel
913 957 1066 1037 praeconis

128 1069 227 1125 voce,
246 1049 296 1109 vel
316 1049 438 1127 scriptis
455 1050 576 1126 edictis,
599 1051 649 1111 vel
669 1050 747 1130 legis
766 1047 977 1130 publicatione
997 1055 1068 1112 tan-

128 1149 199 1205 tum
214 1142 246 1202 in
265 1142 363 1218 curia,
381 1142 430 1202 vel
453 1142 633 1220 promulget
651 1143 682 1202 in
701 1142 796 1203 variis
815 1143 892 1204 loeis
912 1143 958 1203 sui
976 1143 1067 1204 terri-

127 1236 214 1311 torii,
234 1235 349 1295 suflicit
363 1235 449 1314 quod
463 1236 596 1297 societas
613 1236 767 1314 perhanc
782 1237 1066 1316 promulgationem

128 1329 230 1409 possit
258 1329 451 1389 voluntatem
481 1328 630 1408 principis
659 1333 743 1391 certo
771 1347 971 1409 cognoscere.
1001 1329 1065 1390 Nisi

129 1441 207 1502 ergo
234 1423 320 1501 leges
335 1421 485 1500 speciales
507 1439 598 1482 secus
618 1421 800 1500 disponant,
820 1423 860 1483 ab
880 1441 917 1484 eo
937 1423 987 1484 die
1003 1441 1065 1502 quo

129 1516 275 1578 sudetus
287 1515 492 1594 certamlegis
505 1515 648 1576 notitiam
663 1515 769 1592 habet,
787 1515 848 1593 vel,
865 1516 890 1576 si
905 1515 1066 1595 negligens

129 1629 196 1671 non
210 1609 330 1684 luisset,
348 1608 465 1668 habere
480 1609 633 1688 potuisset
647 1609 729 1670 hanc
744 1609 897 1686 notitiam,
914 1609 1000 1688 leges
1013 1627 1066 1670 na·

128 1703 275 1766 turaIIter
284 1701 494 1780 publicantur.

168 1797 250 1858 VIII.
276 1795 307 1856 Si
327 1813 402 1856 vero
422 1795 461 1855 de
481 1795 684 1856 comuetudine
699 1813 802 1856 sermo
822 1795 876 1872 sit,
894 1813 966 1856 cum
981 1795 1066 1856 eain

124 1892 199 1972 jure
222 1908 285 1949 non
307 1888 422 1967 scripto
439 1887 523 1949 vices
543 1893 634 1968 gerat
657 1889 916 1968 promulgationis
939 1889 971 1949 in
994 1887 1066 1969 jure

128 1983 259 2063 scripto,
275 1999 402 2042 necesse
418 1985 466 2043 est
480 1985 514 2043 ut
528 1982 599 2043 talis
618 1981 658 2044 sit
672 1982 864 2044 consuetudo
880 1999 950 2060 quae
964 1981 1067 2060 legem

129 2078 238 2139 valeat
251 2075 444 2154 exprimere.
464 2076 555 2137 Unde
575 2093 702 2136 necesse
719 2078 767 2134 est
785 2074 870 2152 quod
890 2093 994 2134 mores
1011 2092 1068 2151 per

130 2189 211 2251 quos
231 2169 423 2230 consuetudo
451 2167 621 2244 inducitur,
652 2167 828 2245 exprimant
862 2165 968 2225 omnia
993 2165 1067 2242 ipsIs

127 2263 253 2342 legibus
264 2261 438 2322 necessario
452 2261 605 2340 requisila
616 2263 651 2322 ut
665 2277 774 2320 veram
789 2257 949 2337 obligandi
965 2261 1067 2337 potes·

129 2361 231 2420 tatem
246 2355 362 2416 habeat
376 2354 581 2416 consuetude.

171 2451 303 2528 Oportet
315 2449 410 2527 igitur
426 2447 511 2527 quod
525 2465 629 2508 mores
642 2446 704 2508 sint
717 2465 724 2505 :

173 2545 206 2603 1⁰
229 2541 438 2617 Rottoactites,
462 2559 517 2601 seu
539 2539 1067 2620 noncontra,sedjuxtarat10nis
1135 2537 1137 2542 ’

130 2637 307 2708 dictamen3
325 2636 375 2694 lex
389 2635 473 2694 enim
487 2634 616 2695 rationis
633 2633 787 2694 ordinatio
801 2637 858 2709 est,
876 2636 908 2693 et
925 2633 970 2692 ita
985 2633 1067 2692 ordi-

130 2729 217 2790 natio
237 2727 366 2789 rationis
382 2731 439 2806 est,
455 2731 490 2788 ut
504 2727 530 2788 si
540 2727 734 2789 rationabilis
752 2745 814 2787 non
826 2725 921 2786 luent
933 2725 993 2801 lex,
1009 2724 1068 2784 mi-

130 2823 217 2883 nime
230 2822 270 2882 sit
280 2822 340 2882 lex.
349 2821 439 2882 Unde
447 2821 500 2881 ubi
511 2839 614 2881 mores
626 2819 741 2880 fuerint
752 2818 992 2895 irrationabiles,
1004 2837 1067 2878 non

130 2915 312 2994 exprimunt
323 2915 425 2994 legem
438 2913 494 2974 sed
502 2913 723 2992 corruptelam,
739 2931 808 2993 quae
821 2913 949 2974 omnino
960 2931 1066 2990 repro-

128 3009 239 3070 banda
261 3012 318 3086 est,
344 3026 381 3068 ao
405 3007 536 3086 proinde
561 3007 646 3067 nullo
673 3006 797 3066 vinculo
825 3006 919 3085 legali
946 3004 1066 3066 animas

128 3103 230 3182 ligare
246 3105 358 3180 potest.

171 3199 205 3255 2⁰
227 3193 408 3274 Requintur
431 3196 466 3254 ut
485 3211 589 3253 mores
612 3192 674 3253 sint
697 3199 873 3269 constantes,
900 3193 984 3272 quod
1008 3191 1068 3251 im·

130 3292 237 3368 portat
251 3292 380 3349 actuum
393 3286 617 3366 frequentiam,
635 3285 879 3347 uniformitatem
896 3289 927 3346 et
945 3285 1067 3345 diutur-

130 3383 354 3444 nitatem.ch
383 3381 467 3441 enim
490 3385 624 3441 nonest
651 3383 843 3458 praeceptum
863 3378 947 3457 quod
975 3376 1067 3434 detur

132 3475 174 3536 ad
190 3475 415 3554 gubernandos
442 3478 530 3535 actus
549 3473 744 3536 transitorios
764 3472 855 3532 unius
874 3469 924 3530 vel
938 3467 1066 3527 alterius

130 3586 287 3648 personae,
305 3569 360 3629 sed
373 3567 413 3628 ad
428 3568 529 3646 ipsam
546 3566 779 3628 indiViduorum
797 3560 1013 3623 collectionem
1028 3578 1066 3620 ex
