2540 4132
239 363 298 426 tot
446 377 679 426 msrrrorrorrs
698 379 783 425 rnnrs
803 378 956 425 onrorrer.

238 520 354 598 riensi,
372 485 510 603 moxque
530 522 563 584 in
582 525 682 584 totam
701 523 860 602 Europam
884 521 1082 601 divulgatum
1099 520 1157 582 fuit.

237 616 287 676 lte
299 618 456 676 retentum
479 619 527 676 est
539 619 692 696 tanquam
703 615 803 677 oodex
808 615 899 696 juxta
910 633 1006 695 quem
1015 614 1068 696 jus
1079 615 1160 676 dooe-

239 712 326 770 retnr
339 708 371 768 in
381 708 507 785 sobolis,
524 727 562 769 ae
573 709 760 770 redderetur
772 709 805 768 in
817 709 897 770 ioro.

141 835 153 864 '.
280 804 333 864 lv.
358 802 420 864 Sed
435 821 514 881 opus
522 802 659 863 Gratiani
672 820 735 862 non
744 807 813 863 erat
821 802 861 862 de
874 805 989 862 natura
998 820 1058 862 sua
1074 800 1159 863 ooder

240 896 363 974 legum;
380 899 448 956 erut
461 896 565 974 potius
593 914 672 974 opus
697 894 923 967 soientifioum3
948 913 1015 956 non
1029 899 1095 956 erat
1116 893 1159 973 jus

242 989 359 1067 ipsum,
372 988 428 1047 sed
441 989 545 1066 potins
561 1007 640 1067 opus
652 989 736 1049 eirea
756 988 809 1068 jus
828 988 1036 1050 elaboratum.
1054 991 1093 1052 Ut
1112 987 1158 1046 hu·

237 1080 376 1162 jusmodi
393 1099 471 1159 opus
483 1081 641 1160 acciperet
655 1081 790 1142 formam
801 1080 965 1160 eujusdam
978 1079 1158 1143 collectionis

238 1191 401 1234 sacrorum
429 1192 602 1250 canonum,
633 1174 693 1235 hoo
718 1174 881 1253 praestavit
913 1193 1050 1254 sequens
1082 1177 1155 1235 eta.

238 1269 317 1327 Nam
329 1265 362 1326 in
374 1266 565 1328 editionibus
579 1267 697 1328 decreti
720 1267 870 1343 Gratiani,
891 1267 1047 1330 distinctis
1067 1282 1158 1328 oenoe

237 1359 376 1436 teritur,
404 1359 613 1440 disfinotoque
646 1360 803 1422 scribendi
836 1359 966 1436 ordine,
998 1359 1157 1422 diviserunt

238 1452 465 1515 commentaria
491 1453 629 1516 Gratiani
655 1454 696 1514 ab
722 1453 798 1532 ipsis
827 1469 898 1532 quae
922 1453 1037 1531 refert,
1062 1468 1157 1514 monn·

240 1546 365 1608 mentis.

280 1638 357 1701 Inde
369 1644 573 1703 monumenta
586 1659 606 1702 a
621 1641 767 1703 Gratiano
780 1641 912 1702 collecte
922 1643 1075 1721 tanquam
1090 1636 1155 1716 legis

237 1735 341 1794 textus
360 1723 538 1810 allegarunt
549 1752 607 1812 per
626 1734 724 1796 verba
738 1733 870 1794 initialia
883 1751 1053 1794 canonum.
1077 1733 1155 1793 Gom·

239 1823 393 1885 mentaria
422 1824 560 1886 Gratiani
583 1826 693 1888 habita
721 1830 795 1888 sunt
816 1829 967 1906 tanquam
992 1824 1153 1888 doctrinam

240 1915 380 1995 magistri
390 1934 410 1976 a
422 1935 485 1996 qua
496 1918 584 1979 nefas
596 1919 656 1980 fuit
664 1919 839 1980 discedere.

281 2010 434 2070 Suooessu
447 2011 608 2089 temporis,
622 2015 789 2092 postquam
808 2011 961 2073 Antonius
975 2011 1111 2085 contus,
1129 2009 1154 2066 at

232 2102 466 2180 DemoohareS‚
498 2103 642 2167 dootores
667 2105 758 2183 gatii,
788 2109 879 2166 notus
904 2105 1082 2166 numerales
1105 2099 1154 2161 od·

233 2195 406 2276 junxerunt
423 2197 554 2286 singuiis
575 2198 786 2259 monumentis
800 2217 820 2258 a
846 2197 993 2259 Gratiano
1014 2192 1149 2266 eolleotis,

235 2293 311 2350 tuno
320 2307 382 2350 non
395 2289 529 2368 amplius
540 2308 598 2368 per
610 2290 709 2351 verba
723 2291 864 2367 initialia,
877 2290 932 2351 sed
946 2307 1005 2368 per
1018 2301 1153 2350 numeros

236 2381 462 2458 respondentes
493 2382 625 2462 singulis
649 2383 860 2445 monumentis
887 2383 983 2444 uitato
1010 2394 1153 2444 usuvane-

235 2475 323 2545 runt;
340 2473 549 2553 quodsaeoulo
565 2477 648 2537 XVI⁰
658 2476 782 2537 aeoidit.

275 2566 312 2626 V.
322 2565 450 2628 Interim
459 2566 610 2629 distinctis
620 2568 769 2630 doctrinis
777 2561 1153 2630 Gratianiamonumentis

235 2675 290 2719 seu
301 2658 473 2720 canonibus
487 2660 527 2720 ub
541 2660 593 2722 illo
612 2661 729 2739 relatis,
748 2662 864 2722 sensim
876 2662 1059 2723 deeresoere
1071 2654 1154 2735 ooepit

235 2751 425 2813 eolleotionis
455 2753 625 2832 gratiamne
654 2754 851 2816 existimatio.
879 2755 937 2827 Qui
961 2755 1046 2815 enim
1072 2753 1153 2814 antea

235 2843 442 2921 enituissent,
457 2865 496 2904 ne
511 2846 575 2908 late
589 2847 716 2926 quidem
734 2867 851 2927 ungue,
871 2843 1033 2908 sfisoedere
1053 2866 1072 2908 a
1089 2844 1153 2904 doe

233 2935 317 2996 trina
337 2935 486 3014 Gratiani,
504 2937 618 3000 deiude
632 2939 714 3001 hano
725 2940 901 3002 doetrinam
916 2943 1080 3018 ooeperunt
1092 2931 1152 3014 reji-

234 3046 305 3089 oere
315 3032 466 3108 tanquam
480 3031 626 3094 adultiori
648 3032 787 3095 soientiae
801 3051 865 3094 non
886 3032 1021 3111 amplius
1042 3043 1152 3094 aooonr·

232 3121 371 3183 mndata.
385 3122 466 3195 Quin
477 3127 508 3185 et
519 3123 558 3184 de
569 3125 701 3187 veritate
710 3130 986 3188 monumentorum
995 3125 1027 3186 in
1038 3121 1150 3186 deemto

232 3215 399 3277 allatorum
412 3215 580 3296 aliquando
591 3218 708 3297 incepit
717 3219 791 3281 oriri
806 3219 972 3280 dubitatio.

272 3309 338 3373 Sub
364 3307 424 3369 hoo
448 3310 591 3371 examine
617 3312 708 3390 plura
739 3316 944 3373 monumenta
968 3305 1148 3391 apocryphas

231 3402 421 3480 interpolata
438 3403 488 3462 vel
510 3409 658 3482 corrupta
678 3408 804 3484 reperte
823 3409 905 3466 sunt.
921 3405 997 3466 inde
1019 3403 1117 3467 statim
1136 3413 1151 3454 fl

233 3493 332 3554 doetis
346 3495 551 3556 reolematum
561 3500 609 3557 est
620 3501 654 3558 ut
673 3498 894 3558 emendaretur
912 3517 991 3577 opus
1010 3488 1147 3559 Gratiani·

224 3585 297 3644 .Sed
308 3603 359 3645 res
369 3603 526 3646 summam
537 3588 737 3664 prudentiam
749 3589 911 3668 exigebat;
923 3607 998 3651 nam
1012 3591 1037 3651 si
1050 3607 1087 3650 ex
1096 3599 1150 3647 una
