2518 4144
299 339 406 388 rosrcs
427 339 579 388 sracrarrs
600 341 683 390 rous
704 339 860 390 cruorrcr.
1008 325 1047 388 lt

156 487 194 547 ll.
217 485 293 546 Esto
314 480 412 563 igitur
437 483 522 563 quod
550 484 720 547 auctoritas
743 483 891 546 Ecclesia
915 483 956 546 sit
977 483 1048 546 tous
1143 541 1161 569 -.

112 577 276 658 proximus
289 577 368 656 lagls
383 575 619 639 ecclesiasticas:
631 577 691 638 sad*
700 576 851 658 queritur
862 595 960 656 panas
968 593 1046 658 quos
1137 585 1161 607 Α·

113 670 285 733 auctoritas
300 669 340 731 sit
351 665 459 749 logum
470 669 673 732 ferendarum
686 670 718 732 in
733 669 896 732 Ecclesia?

153 763 287 843 Agimus
299 762 351 824 hic
363 762 403 823 ds
417 762 552 841 positiva
563 767 657 844 atquc
671 761 902 844 supernaturali
925 762 1048 824 institu-

111 857 217 929 tioua;
239 874 314 935 orgo
338 874 401 917 non
426 855 556 917 theoriis
584 855 713 934 apriori
730 875 768 917 ax
788 873 853 917 una
868 857 969 934 parta,
990 873 1048 916 nec

111 949 265 1028 exemplis
279 947 475 1010 naturalibus
498 965 537 1010 ax
558 949 657 1010 altera
678 948 893 1029 argumentari
906 947 990 1010 licat.
1007 949 1048 1010 Ut

114 1041 248 1124 quaestio
260 1041 438 1118 deliniatur,
450 1041 567 1120 pendet
578 1059 628 1102 rss
641 1059 679 1103 cx
691 1041 852 1104 voluntate
863 1039 1049 1103 institutoris

112 1133 273 1198 Ecclesia.
291 1135 338 1196 lta
352 1137 399 1196 est
413 1133 510 1213 igitur
524 1134 655 1214 quaestio
673 1154 680 1196 :
705 1151 851 1215 quanam
869 1151 967 1196 causa
980 1131 1049 1194 sco-

114 1227 201 1289 cians
216 1227 323 1305 legum
339 1245 358 1286 a
372 1225 505 1288 Domino
519 1227 552 1286 in
567 1227 707 1288 Ecclesia
720 1227 761 1289 sit
772 1227 936 1290 instituta?

154 1321 222 1380 lloc
233 1319 398 1380 utclarum
411 1320 477 1396 ilat,
501 1319 561 1380 tris
576 1319 747 1400 quaerenda
759 1323 831 1382 sunt
845 1340 852 1382 :
867 1319 898 1400 a)
921 1320 953 1382 iu
968 1337 1047 1400 quos

114 1412 257 1474 Christus
283 1412 479 1474 constituerit
503 1431 684 1492 supremam
709 1414 930 1476 auctoritatem
949 1413 1049 1474 accla-

114 1505 288 1578 siasticam3
303 1504 335 1584 b)
352 1524 392 1566 an
408 1509 523 1584 praetsr
536 1523 718 1585 supremum
731 1506 928 1570 auctoritatis
948 1507 1049 1568 ecclo-

114 1598 248 1660 siasticaa
258 1597 403 1678 gradum,
412 1597 623 1660 aliiatlhristo
631 1599 664 1659 in
672 1599 950 1660 Ecclesiainstituti
958 1603 1046 1672 sunt;

113 1691 141 1770 o)
155 1709 210 1767 an,
227 1691 345 1753 intacta
357 1690 470 1752 Christi
482 1691 687 1768 institutione,
704 1691 757 1753 alii
771 1691 966 1754 auctoritatis
978 1709 1049 1772 grs-

115 1784 173 1844 das
197 1783 237 1844 ab
251 1784 320 1863 ipsa
337 1783 477 1845 Ecclesia
489 1783 606 1846 fuerint
620 1784 764 1848 instituti.
781 1783 949 1864 Explicatis
963 1784 1049 1846 hisco

115 1875 560 1956 quaestionibus‚psrspicuum
572 1877 632 1940 orit
646 1895 741 1958 aquo
756 1879 841 1940 fonto
856 1877 888 1939 in
902 1881 1048 1942 concreto

113 1969 164 2030 lex
177 1968 388 2030 ecclesiastica
401 1967 566 2031 habeatur.
860 1975 868 1986 '

213 2127 228 2183 ἢ
243 2131 272 2170 11.
288 2137 320 2172 or
332 2113 469 2172 orooroun
482 2138 602 2172 suram
615 2137 789 2172 aucroarrarrs
799 2138 826 2172 rr
841 2138 955 2172 murs.

154 2249 207 2308 lll.
230 2249 302 2310 lam
326 2265 402 2309 varo
417 2266 438 2308 a
451 2247 575 2309 Christo
601 2247 681 2308 duos
693 2245 791 2308 luisss
803 2245 962 2309 institutos
975 2265 1051 2309 auc·

116 2339 252 2401 toritatis
262 2340 380 2420 gradus
392 2340 526 2418 scimus,
543 2341 677 2402 altarum
689 2357 882 2418 supremum,
899 2339 1051 2422 indepen-

116 2433 253 2509 dautem,
268 2434 403 2494 altarum
413 2433 644 2513 dependentem
660 2437 693 2496 ct
705 2433 899 2496 inferiorem.

155 2528 346 2604 supremum
375 2527 570 2588 auctoritatis
594 2526 730 2607 gradum
753 2527 886 2588 contulit
910 2527 1051 2590 Christus

116 2623 184 2680 tum
197 2620 252 2680 uui
265 2637 409 2699 personas
423 2619 586 2699 singulari,
599 2639 712 2698 uamps
725 2621 829 2696 Patro,
839 2623 907 2681 tum
915 2620 969 2679 uni
982 2639 1053 2699 par·

117 2730 201 2774 sonae
215 2713 338 2790 morali,
351 2731 465 2792 nempe
479 2713 611 2794 collegio
624 2713 840 2792 apostolorum
853 2730 926 2772 cum
940 2715 1048 2787 Petr03

117 2805 203 2884 quod
218 2805 374 2885 colligitur
389 2822 427 2866 ax
441 2805 538 2868 Math.
553 2823 618 2883 xvr,
634 2806 739 2886 quoad
756 2805 892 2884 primam
912 2805 1053 2868 collatio-

116 2916 205 2959 nem:
221 2919 235 2954 a
249 2899 317 2959 Tibi
334 2899 416 2960 daho
431 2900 533 2960 clavos
547 2899 636 2978 regui
652 2899 814 2960 coelorum.
828 2899 870 2960 Et
879 2899 1053 2978 quodcum·
1072 2967 1075 2976 k

118 3007 179 3071 qua
193 2991 340 3070 ligaveris
367 2996 604 3071 superterram,
620 2992 680 3052 erit
698 2991 829 3070 ligatum
843 2995 875 3052 et
889 2992 921 3052 in
943 2991 1050 3052 ooelia:
1092 2990 1134 3045 2·
1153 2967 1190 3031 Vi

119 3087 150 3144 at
160 3067 382 3164 qufflc'ur'fic'ruc
396 3085 525 3146 solveris
543 3088 780 3164 superterram,
797 3085 857 3146 erit
868 3085 1007 3148 solutum
1022 3084 1053 3146 st

117 3174 149 3236 iu
163 3175 286 3237 erclis.»
301 3178 341 3238 ut
353 3179 458 3258 quoad
473 3179 605 3240 alteram
620 3177 785 3238 excudam
798 3179 886 3240 Matt.
895 3195 985 3255 xum,
996 3181 1050 3240 l8:

123 3271 361 3350 «Quascumque
376 3271 579 3366 alligaveritis
592 3274 826 3350 superterram,
847 3275 940 3332 crunt
956 3271 1055 3349 ligata

119 3362 194 3423 otiu
209 3363 292 3424 coalo
314 3383 321 3424 :
349 3369 381 3427 st
402 3381 608 3446 quacumque
630 3364 786 3427 solveritis
804 3383 901 3445 super
922 3352 1061 3440 to‘rra'ffi

27 3422 77 3535 ii
120 3455 326 3518 aruntsoluta
340 3457 416 3521 otiu
430 3459 522 3522 coslo.
549 3481 563 3516 u
592 3441 894 3521 ramosarum
917 3454 958 3516 ad
972 3454 1054 3518 hauc
1091 3488 1093 3494 ·

120 3535 522 3628 promissioficmfflhristus
532 3555 564 3614 at
573 3551 626 3612 uni
638 3553 730 3612 Petro
740 3549 873 3611 credidit
881 3548 1057 3626 pascendas
