2518 4144
331 360 438 412 merce
459 363 612 412 senciens
632 363 716 414 rous
742 363 896 414 erronei.
1041 351 1076 414 tt

148 511 241 572 R'om
258 507 411 586 Pontifex,
432 505 483 568 vel
504 505 626 588 integer
647 509 845 589 episcopatus
861 527 933 571 cum
953 527 990 572 oo
1005 527 1080 572 con-

105 602 284 684 junctus,
301 601 345 662 ita
359 604 390 662 et
392 599 520 680 ‚quoad
534 600 675 680 regimen
690 603 856 683 singularis
868 601 1020 680 dioeoesis,
1034 603 1079 666 sic

146 695 217 757 visa
231 698 278 756 est
290 694 435 772 episcopo
447 692 560 754 collata
570 695 740 756 auctoritas
753 699 788 758 ut
805 699 838 757 et
847 695 969 774 integer
977 695 1079 758 clerus
1140 691 1144 700 ’

147 787 191 849 ab
206 805 242 848 eo
258 790 346 848 const
333 787 444 847 titutus
465 785 504 846 do
523 785 576 846 illa
597 788 734 866 quodam
750 788 844 851 modo
864 788 1075 867 participaret.

145 882 213 942 Lex
224 879 320 959 igitur
334 879 513 939 dioecesana
526 897 589 940 non
603 883 725 941 tantum
740 899 778 942 ex
796 899 861 942 una
875 879 1012 960 episcopi
1024 899 1079 942 vo-

144 973 278 1050 luntate,
303 970 471 1032 sedetiam
496 990 534 1032 ex
556 973 696 1034 unanimi
720 973 906 1035 clericorum
925 973 1079 1036 delibere-

146 1065 245 1143 tione,
262 1065 294 1125 in
309 1063 417 1145 syuodo
431 1063 600 1140 diocesano,
617 1065 761 1128 constitui
777 1065 844 1128 visa
858 1069 915 1128 est.

189 1159 268 1220 llinc
295 1157 410 1236 duplex
436 1175 587 1236 exurgere
617 1157 742 1220 videtur
766 1157 954 1238 principium
983 1157 1076 1238 leg's,

147 1251 324 1313 universale
339 1250 467 1330 quidem
479 1249 563 1329 apud
573 1252 716 1328 Petrum,
729 1251 887 1331 singulare
900 1251 984 1330 apud
999 1250 1078 1330 epis·

147 1362 259 1424 copos;
276 1343 452 1405 universale
474 1342 559 1423 apud
576 1343 743 1423 collegium
757 1343 952 1424 episcopale,
969 1343 1078 1423 singu·

145 1435 214 1498 lore
229 1437 313 1516 apud
327 1435 494 1516 collegium
508 1435 730 1498 dioeoessnum.

187 1531 240 1592 Xl.
264 1532 381 1592 Praeter
399 1529 467 1590 haec
488 1529 550 1591 duo
574 1530 742 1610 principia,
764 1529 940 1592 universale
964 1547 1076 1610 nempe

146 1627 179 1685 et
192 1623 366 1702 singulare,
383 1623 472 1684 adest
485 1623 674 1702 principium
692 1621 914 1685 intermedium
925 1621 1005 1703 juris
1022 1641 1076 1684 cu·

140 1716 271 1797 jusdam
291 1715 502 1796 particularis,
529 1715 613 1796 quod
643 1715 802 1796 egreditur
826 1719 932 1777 tamen
961 1715 1075 1778 limites

144 1808 238 1869 unius
261 1809 443 1870 dioeceseos.
476 1811 578 1882 Quum
603 1809 687 1871 enim
713 1809 914 1872 incommode
938 1808 1007 1870 risa
1036 1809 1076 1870 sit

144 1919 184 1962 ea
206 1901 366 1982 regn'minis
388 1901 484 1979 ratio,
504 1921 567 1983 qua
583 1903 713 1964 deberet
733 1921 813 1964 unus
830 1903 917 1982 Papa
934 1901 1074 1981 singulo-

143 2011 216 2056 rum
235 1995 453 2075 episooporum
474 1995 606 2076 gestioni
625 2015 683 2076 per
701 2015 734 2057 se
755 1995 935 2058 immediate
955 1993 1073 2074 advigi-

142 2087 228 2166 lare,
248 2087 367 2151 institui
392 2092 556 2168 coeperunt
580 2089 780 2168 magistratus
805 2087 997 2164 intermedii,
1018 2085 1071 2166 qui

141 2185 332 2263 potestatem
350 2182 511 2263 papalem,
532 2199 589 2262 pro
610 2181 738 2243 modulo
756 2199 828 2258 suo,
845 2181 1073 2258 repraesentan-

140 2279 205 2353 tes,
234 2275 377 2336 intimum
398 2275 613 2356 episcopatum
632 2293 705 2336 cum
725 2273 909 2353 pontificatu
934 2270 1070 2334 maximo

140 2367 339 2449 colligarunt.
365 2371 430 2448 lto,
453 2371 525 2449 post
544 2368 680 2447 primam
701 2367 878 2429 dioeceseon
901 2363 1070 2428 distinotio-

137 2478 224 2540 nem,
238 2461 462 2524 ecclesiastices
476 2461 653 2542 provincias
665 2461 826 2523 distinctas
841 2477 908 2521 esse
920 2458 1067 2536 vidimus,

139 2571 312 2636 omnesque
326 2555 489 2634 dioeceses,
504 2554 537 2616 in
551 2553 701 2635 singulari
716 2552 878 2635 provincia
893 2555 1066 2630 contentas,

136 2647 234 2710 fnisse
246 2647 301 2709 uni
313 2648 470 2730 subjectas
483 2647 641 2710 cathedre
658 2647 822 2728 principali
837 2665 893 2708 seu
908 2645 974 2707 sedi
990 2645 1068 2725 epis·

137 2740 240 2820 copali
253 2742 389 2822 propriae
401 2741 581 2821 provincie.
594 2742 684 2805 Unde
695 2741 754 2802 orti
767 2743 840 2801 sunt
851 2737 1070 2820 metropolitani

134 2838 290 2915 tanquam
312 2834 462 2914 praesides
487 2835 627 2898 omnium
649 2834 866 2914 episcoporum
884 2831 1064 2912 provinciae,

135 2929 189 3009 qui
204 2929 237 2988 in
252 2927 320 3010 ejus
336 2928 569 3008 comparatione
580 2928 654 2989 dicti
665 2927 746 2988 sund
760 2927 950 3008 suffraganei.

173 3023 241 3083 Xll.
266 3022 338 3082 Puri
356 3023 467 3099 modo,
489 3026 520 3083 et
540 3022 646 3102 plures
660 3019 828 3100 provinciae
848 3017 1065 3081 ecclesiasticae

132 3113 192 3176 suh
207 3133 272 3176 una
284 3113 448 3194 principali
464 3115 614 3177 cathedra
631 3117 703 3175 sunt
715 3112 909 3190 constitute,
921 3111 1067 3174 videlicet

132 3207 192 3269 sub
207 3208 282 3268 sede
297 3207 351 3268 ille
366 3225 447 3288 quae,
463 3208 495 3268 in
511 3208 589 3269 urbe
599 3205 733 3268 notionis
748 3205 889 3285 principe
902 3207 952 3268 vel
962 3204 1062 3284 regni,

133 3300 243 3380 fuisset
257 3302 436 3364 constituta.
454 3302 543 3364 Unde
565 3305 635 3363 orte
653 3303 700 3361 est
718 3299 853 3378 dignitas
868 3318 938 3380 quae
950 3299 1066 3378 prima-

135 3401 180 3454 tue
195 3394 322 3455 nomine
337 3394 423 3473 apud
433 3393 571 3472 Latinos,
585 3392 760 3455 exarchatus
770 3411 844 3454 vero
858 3391 941 3470 apud
956 3389 1066 3450 Orien-

135 3487 212 3548 tales
227 3487 432 3568 significatur,
450 3505 513 3568 qua
528 3487 580 3567 qui
597 3485 734 3564 insigniti
751 3485 896 3559 existunt,
912 3487 1064 3558 tanquam

135 3579 291 3666 principes
304 3581 523 3664 episcoporum
534 3579 630 3645 totius
644 3578 779 3642 nationis
793 3577 986 3657 reputentur.
