2518 4144
210 351 251 410 66
420 356 650 406 nsrrrrrroum
669 359 753 406 murs
773 359 927 406 eauorror.

207 513 312 570 torum
332 523 389 566 seu
405 505 640 580 contactuum,
653 505 782 565 effeetus
801 503 984 566 comedentis
1001 509 1050 568 est
1065 507 1143 568 obli·

207 601 292 680 gatio
307 597 576 671 contrahentium
591 605 623 659 et
637 617 737 677 quum
753 599 975 660 conuehentes
994 619 1065 660 sese
1081 620 1144 662 non
1250 591 1251 676 3

208 693 346 772 obligent
360 696 511 770 tanquam
525 709 667 768 persona
682 692 825 769 privata,
843 693 900 752 sed
915 696 1070 772 tanquam
1085 713 1144 772 pu·
1250 703 1251 758 ἢ

207 787 475 864 hlioae-personae,
499 783 675 861 etquidem
693 803 842 862 expressa
863 785 1038 862 voluntate,
1057 788 1143 866 quod

206 879 312 940 valere
322 877 438 937 debeat
450 883 480 936 et
491 876 609 936 serrari
619 877 881 938 asucoessorihus
891 877 1055 958 utriusque
1071 898 1145 958 par·
1250 877 1251 944 3

207 973 257 1048 tis,
271 971 344 1032 inde
358 974 405 1030 est
420 970 521 1048 quod,
538 969 615 1030 inito
633 971 843 1047 concordate,
858 975 1007 1032 nascatur
1022 971 1144 1052 obliga-

207 1067 263 1142 tio,
280 1069 348 1124 tum
363 1069 502 1140 exparte
517 1063 686 1139 Ponfificis,
704 1069 772 1124 turn
785 1083 824 1126 ex
837 1068 927 1142 parte
944 1065 1097 1143 principis
1112 1071 1144 1127 et

206 1159 332 1220 illorum
351 1175 578 1232 suceessorum,
594 1157 714 1216 serrari
735 1176 774 1218 ea
795 1157 902 1218 omnia
918 1175 988 1236 quae
1008 1157 1042 1218 in
1058 1158 1142 1220 dioto

207 1249 397 1314 coneordato
410 1250 619 1310 determinata
629 1255 712 1310 sunt.

247 1344 369 1423 Duplex
383 1348 490 1404 tamen
505 1347 552 1404 est
564 1361 655 1404 nasus
670 1361 732 1422 quo
744 1343 899 1423 ejusmodi
914 1343 1064 1423 obligatio
1080 1363 1145 1406 oes-

208 1457 279 1500 sare
289 1441 414 1516 potest:

248 1532 281 1594 Si
293 1533 404 1592 mutua
416 1530 561 1592 voluntas
575 1529 829 1591 contrahentium
842 1529 993 1592 dissolvat
1009 1530 1043 1591 id
1059 1532 1143 1610 quod

207 1628 318 1686 mutua
331 1625 472 1703 ipsorum
482 1624 645 1685 voluntate
659 1623 841 1702 colligatum
852 1626 910 1683 est.

249 1718 281 1778 Si
295 1717 429 1777 materia
446 1717 529 1794 pacti
549 1717 664 1777 eradat
683 1715 815 1794 physice
834 1715 885 1776 vel
906 1717 1070 1780 moraliter
1088 1717 1145 1778 im·

208 1809 374 1890 possibilis.
395 1811 493 1868 Nemo
511 1808 596 1868 enim
609 1813 713 1887 potest
728 1808 770 1869 ad
784 1809 976 1887 impossibile
995 1810 1140 1890 obligari.

207 1901 340 1964 Materia
357 1905 463 1962 autem
477 1904 524 1962 est
539 1902 700 1964 moraliter
720 1902 920 1980 impossibilis
935 1903 1063 1981 quando
1080 1923 1143 1965 non

208 1995 343 2074 amplius
365 1994 464 2073 possit
483 1995 668 2056 eoneordari
692 1995 733 2056 ad
754 1995 923 2058 utilitatem
946 1995 1011 2056 sire
1037 1997 1144 2058 Status

207 2090 273 2150 sire
295 2088 460 2165 Eoolesiae,
480 2107 576 2169 quam
598 2089 638 2148 de
653 2107 709 2149 suo
726 2088 845 2166 officio,
862 2089 902 2149 de
912 2088 1035 2169 justitia
1049 2089 1145 2151 debet

208 2183 379 2262 legislator,
392 2183 424 2242 in
434 2183 544 2244 ordine
556 2200 625 2259 suo,
639 2185 837 2261 promovero.

248 2279 314 2337 Hoo
328 2277 361 2336 in
378 2295 464 2352 easu,
484 2277 630 2354 princeps
648 2275 793 2354 politicus
810 2275 869 2336 erit
881 2275 980 2355 judex
998 2275 1031 2335 in
1045 2294 1142 2355 quan-

207 2373 276 2430 tum
298 2387 401 2428 sermo
426 2369 466 2429 sit
487 2369 527 2428 de
550 2369 684 2430 utilitate
707 2369 850 2447 politiea;
868 2370 1016 2430 Summus
1036 2373 1142 2430 autem

207 2459 360 2536 Pontifex,
376 2479 475 2540 quum
484 2479 587 2522 sermo
602 2461 643 2522 sit
657 2461 697 2522 de
710 2461 844 2522 utilitate
858 2461 1017 2522 Eoolesiae.

248 2552 311 2614 Sed
327 2571 399 2614 oum
415 2553 533 2616 utilitas
543 2553 671 2633 politica
682 2555 880 2616 subordinari
891 2555 1006 2616 debeat
1014 2554 1142 2616 utilitati

207 2647 372 2724 Ecclesia,
394 2664 465 2727 qnae
488 2650 535 2708 est
550 2647 720 2725 superioris
739 2648 874 2724 ordinis,
896 2647 969 2708 inde
989 2648 1142 2728 estquod
1250 2651 1251 2720 ξ

210 2740 359 2818 principis
381 2743 519 2819 potestas
540 2759 603 2802 nou
624 2740 722 2818 possit
744 2741 803 2801 sub
825 2744 980 2819 praetextu
998 2741 1142 2824 utilitatis
1250 2735 1251 2812 3

206 2849 270 2892 suae
283 2836 411 2910 paetum
422 2833 613 2911 infrangere,
630 2833 656 2892 si
670 2834 842 2894 auotoritas
855 2834 1068 2895 ecclesiastiea
1079 2853 1141 2894 non
1250 2865 1251 2878 κ

203 2923 393 3003 judicaverit
411 2925 443 2985 id
464 2926 655 3004 respondere
674 2927 800 2988 utilitati
822 2927 980 2988 Eoelesiae.
1004 2927 1096 2999 Quod
1115 2928 1141 2987 si
1250 2953 1251 2962 ¹

206 3016 362 3095 princepe,
381 3019 580 3097 promulgato
596 3019 729 3099 judicio,
747 3039 806 3098 per
821 3038 856 3079 se
874 3020 1052 3098 refragetur
1067 3039 1143 3081 oon-

206 3109 347 3186 eordato,
367 3111 564 3171 oooasionem
577 3113 698 3191 praehet
707 3112 796 3175 alteri
809 3112 890 3192 parti
902 3116 936 3174 ut
946 3111 1040 3194 hujus
1056 3113 1140 3193 poeti

206 3201 246 3263 ab
259 3202 441 3264 executione
453 3204 617 3267 abstineat.

244 3300 276 3357 2⁰
287 3295 375 3358 Alter
388 3297 482 3358 datur
496 3299 624 3360 effeetus
639 3299 914 3375 concordatorum,
937 3300 1069 3360 effeetus
1083 3319 1141 3360 me-

205 3388 303 3451 diatos
315 3390 444 3468 scilieet,
455 3395 489 3452 ut
498 3392 602 3471 legem
611 3391 793 3472 faoiantpro
804 3393 949 3454 omnihus
961 3392 1022 3452 illis
1032 3393 1141 3454 Eoole-

206 3481 258 3540 siis
266 3502 323 3560 pro
334 3484 447 3563 quibus
460 3485 538 3545 inita
547 3487 631 3546 sunt.
643 3485 733 3547 Ratio
745 3489 792 3546 est
802 3486 887 3565 quod
897 3503 1052 3564 personae,
1069 3505 1139 3567 quoe

206 3571 238 3630 in
252 3573 432 3653 hujusmodi
447 3580 625 3640 eontraotus
644 3579 848 3655 conveniunt,
865 3597 927 3640 non
947 3578 986 3638 de
1002 3578 1138 3658 negotiis
1250 3611 1251 3624 κ
