2542 4122
368 353 407 398 66
427 353 556 400 cornero
576 352 659 398 roms
682 352 838 400 61666161.
1015 340 1073 400 203
1104 409 1107 414 ,

142 501 267 560 Graecos
287 517 294 559 :
312 497 513 560 Gaesarieusis
528 497 560 557 in
572 499 683 574 Ponto,
700 496 915 558 Heracleensis
928 498 961 559 iu
977 499 1073 560 Thra-

142 592 201 668 cia,
217 590 393 670 Ephesinus
407 590 440 650 in
455 590 531 652 Asia
543 590 674 652 Minore.

182 683 454 756 Quemadmodum
468 684 509 744 ad
528 683 734 744 instituendas
757 683 848 745 sedes
863 683 1075 764 metropolita-

141 797 197 839 nas
211 778 340 838 delectae
350 780 423 838 sunt
437 777 578 838 civitates
592 795 661 856 qnae
673 776 740 857 jam
751 781 855 840 essent
864 778 937 858 jure
948 777 1074 856 politico

141 873 173 931 in
187 869 351 950 provincia
362 869 528 949 principes,
546 869 591 931 ita
605 869 647 930 ad
661 870 869 932 instituendas
883 871 1075 950 primatiales

141 965 192 1026 661
208 963 400 1039 exarchales,
419 963 548 1024 delectae
563 967 636 1024 sunt
645 963 787 1026 civitates
802 964 863 1026 illae
875 983 946 1044 quae
961 963 1074 1043 princi-

141 1077 198 1136 pes
213 1056 358 1118 66666116
372 1070 470 1135 regno
489 1057 539 1117 661
555 1056 694 1118 natione.
707 1058 773 1118 Hoc
789 1057 904 1136 quippe
926 1057 1075 1136 prodesse

142 1151 245 1212 visum
261 1153 308 1210 est
319 1149 480 1228 regiminis
495 1149 695 1211 ecclesiastici
714 1149 987 1214 administrationi.

182 1245 273 1306 Ultra
287 1242 382 1304 etiam
404 1261 572 1321 progressa
592 1246 639 1304 661
660 1243 871 1306 ecclesiastica
890 1243 1072 1324 disciplina:

142 1337 256 1398 eadem
283 1353 421 1414 namque
452 1335 654 1414 proportione
673 1337 722 1398 661
747 1337 839 1397 simili
866 1337 988 1399 ratione
1014 1354 1077 1416 que

139 1429 343 1508 metropolita
358 1447 454 1507 supra
471 1429 645 1508 episcopua,
665 1430 782 1508 primas
801 1432 852 1492 vel
867 1431 1003 1492 exarcha
1026 1449 1076 1492 su·

138 1543 198 1603 pra
221 1521 457 1601 metropolitas,
473 1523 670 1602 patriarchas
690 1525 786 1586 etiam
807 1543 874 1586 csse
895 1525 1004 1602 voluit,
1021 1523 1074 1605 qui

139 1635 237 1696 supra
262 1616 347 1694 16666
368 1615 519 1694 primates
545 1617 721 1696 constituti,
741 1637 923 1697 supremum
941 1618 1075 1699 66661616
1166 1696 1170 1703 Ι

139 1711 172 1770 16
183 1729 241 1771 666
252 1709 470 1790 jurisdictione
484 1710 672 1772 obtinerent.

181 1804 244 1865 Sed
259 1803 292 1862 16
308 1802 430 1864 delectu
451 1803 573 1864 sedium
592 1804 859 1883 patriarchalium,
879 1825 943 1868 nou
962 1806 1074 1868 eodem

139 1895 312 1976 procedere
338 1895 406 1956 visa
432 1900 478 1957 661
499 1897 651 1975 principio
672 1916 734 1977 quo
759 1898 791 1958 in
819 1899 989 1976 primatum
1010 1917 1074 1958 me·

141 1987 423 2068 tropolitaromque
447 1989 651 2050 institutione.
679 1993 758 2050 Nam
779 2009 842 2052 non
865 1991 1074 2053 6166616616

140 2087 213 2144 sunt
227 2083 319 2143 sedes
334 2100 403 2161 quae
425 2083 631 2144 subsisterent
652 2083 684 2142 in
702 2082 880 2144 civitatibus
897 2085 980 2144 inter
998 2083 1075 2143 alias

140 2176 335 2255 principibus
354 2174 445 2255 juxta
468 2175 611 2237 ordinem
631 2174 810 2254 politicum;
828 2176 884 2236 sed
904 2175 955 2234 hic
975 2176 1077 2236 honor

141 2270 264 2330 delatus
277 2271 324 2330 est
337 2268 437 2330 tribus
451 2268 670 2330 tantummodo
681 2267 808 2329 sedibus
820 2286 901 2348 quae,
914 2271 949 2329 ut
963 2269 1007 2329 ait
1020 2286 1077 2328 an-

144 2363 272 2442 tiquitas
284 2407 291 2439 ,
306 2380 324 2421 6
336 2363 429 2422 Petro
441 2363 655 2440 apostolorum
667 2361 807 2440 principe
824 2361 999 2424 sublimatae
1013 2362 1078 2422 fue·

141 2458 214 2516 rant
233 2475 239 2515 ε
256 2455 486 2516 Antiochenam
506 2473 619 2534 nempe
635 2473 730 2534 quam
745 2455 811 2534 ipse
824 2454 904 2516 rexit
918 2459 950 2518 61
967 2456 999 2516 16
1013 2474 1076 2536 que

142 2567 324 2627 supremum
339 2548 486 2609 Ecclesia
508 2548 604 2628 gessit
618 2549 839 2627 principatum,
857 2568 951 2628 quem
967 2553 1076 2627 postea

142 2659 250 2702 secum
274 2643 406 2701 Romam
424 2641 599 2714 transtulit;
621 2640 881 2717 Alexandrinam,
908 2660 1003 2720 quam
1018 2659 1077 2720 per

143 2734 331 2812 discipulum
350 2752 442 2794 suum
460 2735 602 2796 Marcum
621 2733 765 2794 fundavit
779 2737 810 2794 et
830 2733 928 2808 rexit;
949 2734 1076 2795 demum

142 2831 318 2889 Romanam
343 2827 456 2906 inqua
475 2827 632 2888 definitive
651 2845 809 2888 summum
827 2827 935 2889 statuit
951 2828 1077 2906 pontiti-

142 2925 250 2984 catum
266 2939 423 3000 quamque
438 2939 494 2981 suo
508 2920 660 3000 sanguine
673 2920 842 2982 decoravit.

85 3066 87 3071 .
184 3014 247 3076 Sed
272 3013 321 3074 his
341 3013 442 3074 tribus
464 3013 726 3092 patriarchalibus
747 3013 913 3092 primitivis
936 3015 1073 3090 sedibus,

143 3107 206 3168 duo
220 3107 315 3168 etiam
332 3125 478 3168 successu
494 3110 672 3185 temporum
692 3111 912 3170 accesserunt:
931 3108 1077 3168 Hieroso-

142 3199 296 3279 lymitana
303 3219 416 3279 nempe
428 3199 933 3278 etConstantinopolitana.Quoad
942 3199 1076 3278 primam

143 3295 176 3354 in
202 3312 322 3354 canone
350 3293 483 3372 septimo
510 3293 632 3354 concilii
662 3293 797 3372 Nieaeni,
819 3294 965 3373 episcopo
990 3289 1076 3350 AEliae

144 3387 200 3466 (sic
226 3389 407 3466 nuncupata
432 3386 650 3464 Hierosolyma
667 3391 738 3465 post
758 3388 951 3449 eversionem
975 3382 1076 3460 suam)

144 3481 184 3540 ad
197 3481 350 3544 honorem
361 3482 504 3542 locorum
516 3484 696 3542 sanctorum
716 3479 881 3560 peculiaris
899 3475 1078 3538 decernitur

143 3592 207 3652 prae
230 3575 352 3638 caeteris
374 3575 530 3656 episcopis
550 3574 666 3652 honor,
688 3575 774 3636 salvo
798 3570 979 3650 metropolis
992 3569 1074 3652 jure,
