2518 4144
501 359 732 410 raonseourna.
1066 347 1086 409 a

154 504 320 568 seientiam
344 521 414 586 que
430 508 547 568 statum
561 507 607 568 rei
622 507 800 570 christiane
822 505 1020 584 determinat,
1031 505 1085 588 jus

154 602 262 660 autem
278 599 466 660 canonicum
480 617 548 660 esse
563 599 812 680 complexionem
828 599 947 681 jurium
972 603 1004 662 et
1018 599 1084 662 otti·

154 691 276 754 eiorum
309 691 505 770 singulorum
537 691 793 755 christianorum.
822 695 974 755 Asserant
1000 691 1084 754 euim

152 787 270 847 statum
288 784 468 864 reipublicae
483 785 593 864 inspici
607 785 640 847 in
663 785 772 848 ordine
797 785 839 848 ad
853 785 928 862 duo,
940 783 1085 848 videlieet

152 878 195 939 ad
233 877 397 957 generales
431 877 598 940 relationes
636 877 768 942 soeiales
808 878 922 959 quibus
962 877 1085 940 interne

152 970 334 1050 reipublioae
359 970 535 1032 oeeonomia
548 971 691 1047 fulcitum
721 971 836 1034 deinde
854 971 896 1034 ad
916 969 1083 1032 relationes

153 1063 296 1144 ejusdem
325 1063 482 1126 societatis
496 1081 569 1126 oum
584 1065 716 1143 oaeteris,
730 1065 814 1127 unde
825 1068 955 1127 externa
970 1062 1083 1144 positio

153 1155 293 1218 nascitur
309 1176 316 1218 :
335 1159 504 1237 utrumque
520 1158 657 1237 pertinet
680 1157 720 1220 ad
731 1157 785 1240 jus
803 1157 975 1238 pnblieum.
1006 1157 1085 1218 lura

154 1251 261 1312 autem
275 1251 306 1311 et
319 1249 424 1312 officia
437 1249 633 1330 singolorum
655 1269 694 1313 ex
716 1250 788 1332 jure
802 1249 953 1314 canoniea
981 1249 1084 1312 deter-

152 1342 324 1405 minantur.

194 1435 308 1516 Aliqua
331 1435 497 1498 difficultas
521 1441 568 1498 est
590 1437 622 1497 in
645 1437 734 1517 praxi
755 1453 813 1518 pro
839 1436 900 1498 hae
927 1435 1084 1498 sententia

151 1527 282 1593 tuenda.
307 1530 387 1590 Nam
406 1527 497 1608 juxta
523 1545 593 1590 eam
603 1529 656 1609 jus
677 1528 863 1592 eononioum
891 1527 1021 1590 deberet
1033 1527 1083 1589 vel

152 1638 349 1701 supponere,
374 1619 425 1682 vel
439 1619 629 1699 posthabere
643 1639 683 1683 ea
703 1639 774 1702 quae
795 1623 939 1701 spectant
959 1620 1000 1681 ad
1025 1639 1084 1700 pu·

151 1714 270 1776 blioam
284 1711 430 1774 Eeelesiae
453 1713 672 1775 oeoonomiom.
696 1716 738 1776 At
756 1713 782 1774 si
803 1731 823 1774 a
841 1711 978 1776 soientiis
994 1731 1085 1792 sepa-

153 1824 261 1866 remus
276 1823 314 1866 ea
327 1823 397 1885 quae
409 1807 552 1884 speotent
565 1806 606 1867 ed
621 1807 801 1886 generalem
814 1805 859 1866 rei
870 1808 1081 1885 prospectum,

152 1899 274 1960 tollitur
291 1895 428 1958 seientia
443 1897 558 1960 unitas.
575 1900 659 1980 Ergo
670 1898 723 1980 jus
738 1897 925 1962 oenonioum
943 1899 1086 1959 remanet

152 1990 255 2052 inanis
272 1989 339 2051 sine
353 1990 456 2051 forma
469 1995 658 2071 conseptus,
679 1991 816 2072 positum
828 1989 862 2052 iu
878 1989 946 2053 sola
964 1989 1084 2071 jurium

153 2084 286 2146 ratione.

193 2180 225 2238 4⁰
248 2178 381 2238 Domum
404 2178 455 2238 llr.
473 2174 617 2238 Sohmier
639 2177 782 2255 procedit
800 2173 1021 2254 distinguendo
1032 2174 1084 2255 jus

152 2271 186 2330 in
201 2269 404 2330 constitutum
417 2272 449 2331 et
458 2268 660 2330 constituens.
675 2267 815 2329 Primum
830 2265 1019 2328 determinat
1031 2286 1084 2347 po

153 2363 282 2424 testates
301 2361 379 2441 legis
393 2360 557 2438 faciendae,
583 2360 718 2422 alterum
735 2361 809 2443 jura
824 2363 855 2421 et
874 2357 978 2421 offleia
994 2358 1085 2440 juxte

153 2453 239 2533 leges
249 2452 316 2533 jem
333 2454 424 2515 latas.
442 2453 505 2515 Sed
522 2452 566 2514 sio
581 2451 814 2532 distinguendo,
831 2455 942 2514 auotor
958 2451 1086 2514 distine-

153 2545 272 2608 tionem
292 2545 374 2607 inter
399 2549 566 2626 utrumqne
589 2545 642 2626 jus
663 2545 790 2607 omnino
816 2544 979 2607 destruxit.
1006 2547 1085 2606 Nam

155 2637 282 2699 omnino
308 2639 526 2700 desiderantur
552 2637 666 2699 limites
692 2638 855 2719 utriusque
880 2636 972 2717 juris.
1005 2637 1085 2710 Ouid

155 2729 250 2808 enim,
267 2731 292 2791 si
306 2731 357 2792 lex
369 2730 556 2810 proponitur
568 2747 637 2810 quae
650 2730 791 2793 declarat
801 2730 939 2811 aliquem
951 2728 1086 2809 gradum

154 2822 374 2884 ecclesiastieae
399 2823 589 2902 potestatis?
616 2823 699 2883 Talis
724 2822 774 2884 lex
800 2826 900 2884 est-ne
927 2822 1086 2903 objeotum

149 2914 233 2995 juris
261 2915 377 2993 puhliei
398 2934 439 2976 au
461 2915 540 2995 juris
569 2914 683 2994 privati
711 2934 768 2977 sen
797 2909 965 2977 eanonioi?
991 2916 1086 2977 Juxta

155 3006 300 3068 Sohmier
323 3007 446 3088 utrique
468 3007 605 3069 seientia
629 3009 733 3086 potest
755 3007 875 3088 aptari3
893 3007 977 3068 unde
1000 3007 1087 3068 nulla

154 3103 299 3160 remanet
307 3099 470 3180 utriusque
486 3099 654 3162 distinctio.

193 3194 226 3252 5ο
238 3193 351 3253 Nostra
365 3195 471 3254 autem
481 3192 635 3254 sententia
644 3191 712 3254 haee
725 3197 772 3254 est
789 3193 941 3254 :societas
951 3209 1084 3273 qumque

154 3284 271 3363 duplioi
286 3285 356 3365 lege
373 3287 510 3365 regitur,
528 3303 663 3365 quarum
677 3305 741 3347 una
755 3286 915 3348 constituit
928 3285 1086 3348 societatis

149 3376 203 3456 jus
219 3381 251 3438 et
264 3377 410 3456 formam,
426 3379 526 3440 altera
539 3395 616 3440 vero
629 3397 649 3439 a
660 3379 895 3460 magistratibus
911 3377 1086 3440 constitutis

153 3469 247 3531 datur
259 3471 300 3531 ad
322 3487 466 3532 normam
483 3471 552 3552 jam
567 3472 742 3534 eonstitutae
757 3471 925 3534 societatis.
945 3469 1024 3530 Hine
1033 3469 1086 3550 jus

152 3561 315 3640 publicum
330 3577 372 3624 est
392 3565 514 3627 scientio
526 3584 608 3646 quoe,
626 3565 741 3626 rotiooe
758 3564 845 3638 duce,
859 3569 967 3624 statem
988 3563 1086 3643 respu-

970 3666 997 3721 ,Γ
