2518 4144
197 331 236 394 32
273 331 275 334 ’
407 345 638 394 rnsrrrurrorns
658 347 741 394 suns
762 345 917 412 canorum.

197 489 339 571 ponitur;
359 489 491 552 docetur
503 490 637 571 neqatzbe
653 491 778 572 quando
797 507 885 552 error
898 492 1052 568 tanquam
1063 506 1143 550 cer-

196 587 247 644 tus
260 581 437 646 damnatur.
460 583 549 646 Unde
564 583 590 644 si
611 584 806 663 reperiamus
826 582 975 644 Ecclesiae
990 581 1080 661 leges
1092 581 1143 644 ita

197 678 364 754 conceptas
377 680 411 738 ut
431 676 578 738 veritates
596 677 708 738 doceat
721 676 772 738 vel
788 676 963 738 doctrinam
981 674 1142 736 condem-

197 772 261 846 net,
272 769 393 830 lexerit
414 768 592 847 dogmatica
608 770 658 830 vel
672 787 766 830 sensu
784 768 918 848 positivo
934 767 1012 828 utin
1026 767 1141 846 primo

197 881 283 940 casu,
302 862 352 922 vel
366 879 461 922 sensu
480 861 625 940 negativo
642 865 677 924 ut
697 862 729 922 in
753 861 890 923 secundo
910 855 997 922 casu}
1016 861 1075 920 Ex.
1101 879 1139 940 g,

197 955 222 1016 si
235 953 375 1016 Ecclesia
389 953 473 1016 dicat
488 975 494 1016 :
514 976 528 1012 u
541 955 673 1016 firmiter
682 955 850 1031 credimus,
865 976 879 1012 ι)
895 953 946 1014 vel
964 974 978 1010 ιι
990 953 1143 1014 Ecclesia

197 1048 290 1110 docet
298 1051 352 1108 aut
361 1047 478 1126 docuit,
489 1070 504 1108 ι)
519 1048 587 1110 heco
603 1051 675 1109 sunt
686 1047 817 1110 totidem
833 1047 975 1107 formula
987 1044 1142 1124 positivae

197 1142 293 1219 dogm
314 1142 392 1202 tum.
418 1143 533 1203 Contra
550 1159 641 1218 vero,
659 1139 684 1201 si
707 1140 791 1202 dicat
807 1139 947 1201 Ecclesia
970 1159 976 1199 ι
1004 1137 1143 1217 «siquis

89 1297 93 1306 ,
197 1235 364 1296 doceat...»
389 1253 403 1290 (ι
421 1233 518 1314 siquis
531 1233 679 1296 dixerit...
693 1233 863 1295 anathema
874 1231 926 1309 sit,
940 1254 954 1290 ιι
973 1229 1141 1310 negativae

196 1329 270 1388 sunt
282 1326 401 1388 formae.

236 1419 296 1482 Ubi
314 1437 389 1481 vero
402 1420 576 1500 reperimus
588 1419 674 1499 leges
687 1419 736 1482 vel
751 1436 888 1480 canones
902 1417 947 1480 ita
960 1419 1141 1494 conceptos

197 1510 329 1575 utactio
353 1513 564 1592 praecipiatur,
583 1532 614 1575 v.
635 1533 667 1593 g.
687 1511 934 1588 «mandamns...,
950 1533 964 1569 c
984 1509 1033 1572 vel
1045 1509 1141 1572 aetio

94 1684 96 1689 .
196 1607 411 1686 prohibeatur,
421 1625 452 1667 v.
469 1627 500 1686 g.
526 1627 540 1664 ιι
554 1605 661 1686 siquis
674 1608 819 1686 peccet...
837 1603 944 1684 siquis
958 1619 1141 1683 praeump-

197 1698 309 1760 serit...
343 1697 512 1758 anathema
539 1698 615 1776 sit‚·u
633 1701 708 1760 tunc
729 1715 865 1758 canones
885 1698 977 1756 erunt
992 1693 1154 1772 discipli-·

198 1808 301 1866 nares,
319 1807 391 1850 cum
410 1807 519 1850 eorum
534 1790 693 1871 objectum
710 1790 750 1852 sit
770 1791 889 1852 factum
907 1786 1045 1868 aliquod,
1064 1805 1142 1849 non

198 1886 304 1944 autem
321 1882 411 1959 fides,
426 1885 458 1943 et
473 1881 601 1962 quidem
615 1883 740 1962 positivi
756 1883 789 1943 in
804 1883 905 1964 primo
926 1899 1011 1956 casu,
1033 1897 1140 1959 nega-

198 1973 253 2038 tivi
268 1975 300 2035 in
319 1975 468 2037 secundo.

238 2069 290 2130 IX.
307 2069 414 2130 Potest
433 2068 541 2149 itaque
558 2069 694 2146 evenire,
714 2072 744 2130 1⁰
760 2072 795 2130 ut
819 2067 1002 2129 earumdem
1020 2065 1139 2145 legum

199 2162 358 2244 objectum
371 2181 434 2226 non
448 2162 604 2242 pertineat
619 2162 660 2224 ad
673 2162 784 2236 fidem3
807 2163 839 2222 et
851 2164 927 2223 tunc
945 2158 1029 2241 qnod
1046 2176 1139 2238 prae-

199 2256 313 2336 cipitur
326 2257 377 2318 vel
388 2256 572 2334 prohibetur
586 2255 701 2316 variari
716 2258 771 2334 pot
806 2258 829 2316 t.
888 2264 890 2268 ’

237 2353 269 2408 2⁰
281 2351 322 2410 Ut
330 2349 381 2407 lex
396 2348 541 2426 quaedam
558 2347 765 2428 disciplinaris
778 2365 833 2408 seu
847 2347 888 2408 ad
904 2346 1021 2406 lactum
1039 2361 1139 2422 spec—

198 2444 268 2502 tens
282 2439 315 2500 in
330 2439 529 2517 expressione
545 2439 585 2500 sit
605 2441 806 2520 dogmatice3
829 2443 904 2502 tunc
922 2437 1006 2520 quod
1017 2438 1139 2516 praeci-

198 2532 284 2611 pitur
293 2535 348 2594 aut
361 2531 546 2611 prohibetur
559 2537 666 2594 manet
676 2533 797 2596 stabile.

238 2629 269 2688 3⁰
288 2625 428 2706 Denique
443 2626 537 2687 utlex
546 2626 726 2706 dogmatica
737 2626 914 2687 subforma
926 2623 1134 2702 praeceptiva,

199 2738 312 2798 nempe
338 2719 511 2780 secundum
532 2719 663 2780 modum
681 2718 843 2798 proprium
865 2717 973 2796 legum
992 2715 1137 2794 discipli-

199 2811 323 2871 narium
332 2811 461 2888 feratur,
471 2831 501 2873 v.
510 2832 540 2892 g.
552 2833 559 2874 :
575 2832 589 2869 u
601 2811 789 2872 mandamus
797 2815 832 2872 ui
844 2827 952 2872 omnes
960 2808 1105 2885 credant,
1114 2831 1131 2867 o

200 2906 232 2964 et
247 2902 315 2964 vice
330 2923 433 2966 versa.
457 2906 544 2966 'l'unc
561 2923 624 2966 non
643 2904 712 2983 ipsa
727 2904 896 2966 verborum
910 2902 1012 2964 forme
1030 2904 1135 2964 attan-

201 2995 305 3058 denda
323 3001 379 3075 est,
396 2997 452 3060 sed
466 2998 569 3077 potius
584 3015 697 3077 scopus
707 2997 795 3076 legis.

563 3157 692 3218 CAPUT
713 3155 764 3217 111.

336 3315 374 3359 nc
397 3315 541 3362 sonrncro
562 3315 662 3363 nacon
684 3314 991 3362 nccnnsusrmnnon.

207 3452 210 3457 '
238 3448 262 3507 l.
286 3446 490 3525 Exploratum
512 3449 559 3506 est
578 3446 722 3508 omnibus
741 3463 811 3505 eam
831 3463 899 3506 esse
920 3443 1137 3506 differentiam

200 3537 282 3598 inter
299 3540 510 3619 praeceptum,
531 3538 674 3616 regulam
695 3540 726 3598 et
739 3537 853 3616 legem,
878 3539 914 3596 ut
935 3539 1135 3614 preceptum
