2542 4122
220 316 279 379 230
430 331 659 380 msrrrurrouus
679 331 762 380 rurus
782 331 939 379 cunonrcr.

260 477 291 536 l⁰
311 475 489 538 Auctoritas
501 477 690 539 vicariorum
711 477 912 539 foraneorum
927 475 1056 538 omniuo
1069 475 1155 538 dele-

219 572 294 650 gata
308 567 454 631 habenda
469 573 525 648 est,
541 574 572 632 et
587 571 675 650 quasi
691 571 732 631 ad
746 569 927 650 peculiaria.

259 666 293 724 2⁰
315 663 480 724 Ordiuaria
505 663 566 724 dici
595 664 722 744 nequit,
751 663 810 723 nisi
837 661 988 723 latissimo
1013 663 1154 742 quodam

141 837 143 841 Ι
219 759 487 835 sensu,quatenus
497 756 576 817 solet
591 755 670 832 dari,
685 761 747 816 non
763 757 811 816 est
822 757 911 816 extra
925 753 1082 832 ordinem,
1099 755 1155 816 sed

219 849 258 910 de
272 847 381 910 ordine
395 852 544 910 consueto
555 847 716 928 regiminis
725 845 905 910 dioecesam.
919 847 1035 909 Stricto
1048 851 1154 910 autem

219 960 312 1005 sensu
332 959 395 1002 non
418 941 480 1015 sic;
497 959 571 1002 nam
586 941 701 1021 injure
719 960 781 1002 non
801 941 909 1020 agnita
928 939 1080 1018 habetur,
1097 961 1154 1003 nec

215 1033 262 1095 illi
275 1033 416 1095 adhaeret
423 1033 529 1113 aliqua
539 1033 730 1114 jurisdicti03
748 1031 803 1094 sed
813 1037 881 1096 tota
889 1032 1008 1112 pendet
1017 1053 1056 1094 ex
1064 1053 1154 1095 man-

218 1127 292 1189 dato
307 1126 495 1206 episcopali,
513 1131 547 1188 ut
558 1131 681 1188 tantum
694 1127 794 1206 possit
812 1129 966 1207 quantum
987 1125 1153 1206 episcopus

218 1219 260 1281 illi
272 1219 373 1293 dedit-3
390 1219 508 1280 nullam
521 1239 596 1282 vero
607 1219 723 1281 habeat
727 1219 978 1300 jurisdictionem
985 1237 1027 1278 ex
1038 1219 1151 1296 officio,

216 1313 313 1374 itaut
331 1312 413 1374 absit
435 1313 489 1372 illa
507 1312 709 1392 praesumptio
725 1333 732 1373 :
748 1311 931 1391 episcopum
954 1305 1009 1370 illa
1030 1313 1153 1372 tantum

216 1405 275 1464 sihi
293 1421 471 1490 reservasse
491 1405 530 1466 de
556 1405 669 1484 quibus
687 1404 881 1466 mentionem
901 1401 990 1480 fecit,
1014 1404 1101 1467 sicut
1123 1405 1153 1465 iu

216 1495 405 1557 vicariorum
418 1499 614 1576 generalium
629 1497 859 1558 constitutione.

255 1587 288 1650 3⁰
304 1589 390 1650 Solet
403 1589 470 1650 dari
483 1591 586 1672 major
600 1591 768 1652 auctoritas
780 1591 813 1649 iu
823 1589 1029 1667 amplioribus
1040 1585 1154 1652 dioece·
1256 1627 1257 1676 ,

217 1681 303 1742 sibus
325 1681 371 1760 (ut
390 1685 478 1744 extra
494 1682 616 1744 ltaliam
638 1681 849 1761 verificetur),
868 1679 973 1742 minor
992 1686 1103 1744 autem
1124 1683 1153 1744 iu

150 1831 151 1836 ,
216 1773 390 1836 minorihus
405 1774 451 1854 (ut
464 1775 496 1835 in
508 1774 608 1855 ltalia)
620 1795 627 1849 ;
641 1775 686 1836 ita
700 1793 812 1854 nempe
825 1777 1000 1853 utexcepta
1014 1776 1155 1855 quadam

215 1869 368 1947 potestate
380 1867 521 1948 judiciali
532 1869 636 1948 quood
647 1885 757 1930 causas
768 1868 945 1928 criminales
960 1867 1152 1948 leviorisque

216 1960 384 2038 momenti,
405 1965 554 2023 caeterum
574 1961 690 2023 habeat
710 1961 813 2040 potius
836 1979 951 2021 munus
964 1959 1152 2039 inspiciendi

215 2069 320 2116 mores
333 2053 408 2116 cleri
424 2071 461 2115 ac
473 2055 598 2134 populi,
614 2051 775 2117 deferendi
790 2071 900 2115 corum
913 2053 991 2114 vitia
1003 2055 1151 2132 episcopo

216 2147 266 2209 vel
282 2146 457 2228 exequendi
475 2147 602 2208 decreta
621 2145 825 2226 episcopalia,
846 2161 941 2226 quam
963 2143 1150 2208 conficiendi
1256 2223 1257 2226 Ἴ

216 2259 380 2319 processus
404 2239 595 2317 criminales,
617 2245 694 2316 ete,
713 2257 783 2318 quae
805 2240 911 2300 omnia
929 2239 1038 2300 stricto
1059 2258 1150 2300 sensu
1256 2239 1257 2320 l

217 2333 359 2412 (excepta
370 2337 476 2395 tamen
492 2350 562 2412 quae
578 2333 616 2394 de
627 2331 769 2412 judiciali
784 2335 857 2393 sunt
869 2330 1036 2410 potestate)
1048 2331 1151 2410 potius
1256 2327 1257 2402 Q

217 2425 419 2485 oeconomicae
428 2425 591 2505 potestatis
603 2443 698 2506 quam
706 2443 789 2486 vcrae
799 2423 1026 2504 jurisdictionis
1035 2441 1150 2487 nomen
1256 2473 1257 2482 ,

215 2515 502 2578 habercvidcntur.
994 2525 998 2532 '

254 2613 289 2672 4⁰
309 2609 425 2674 Vicarii
437 2609 557 2671 foranei
572 2627 636 2672 non
646 2611 801 2672 sustinent
814 2611 995 2690 generalem
1010 2609 1149 2689 episcopi
1256 2615 1257 2672 l

216 2703 535 2782 repraesentationem,
558 2703 638 2764 sicut
654 2703 762 2765 vicarii
780 2703 953 2783 generales,
978 2705 1149 2781 Propterea
1256 2735 1257 2744 κ

216 2797 333 2874 gradus
348 2797 540 2858 auctoritatis
562 2815 656 2876 quem
675 2797 727 2858 ille
748 2798 844 2858 habet
861 2796 987 2858 omnino
1003 2795 1147 2858 diversus

216 2886 351 2950 habetur
371 2889 412 2950 uh
434 2889 486 2952 illo
502 2888 587 2970 quod
605 2890 702 2951 hahet
723 2891 887 2970 episcopus
910 2889 961 2950 vel
978 2887 1048 2968 ejus
1067 2887 1148 2948 vica·

216 2981 280 3043 rius
294 2981 460 3060 generalis.
484 2983 572 3044 Alter
586 2983 670 3043 enim
684 2983 837 3060 superior,
855 2981 935 3043 alter
950 2979 1080 3041 inferior
1089 2982 1145 3040 cst.
1256 3013 1257 3016 =

216 3077 390 3155 Eapropter
409 3093 506 3157 quum
525 3075 699 3136 foraneiac
711 3075 865 3154 generalis
882 3073 1009 3136 omuino
1024 3073 1149 3133 differat
1185 3101 1188 3106 ·

215 3187 350 3249 persona
358 3167 505 3249 juridica,
515 3187 534 3228 a
545 3167 694 3230 tribunali
722 3167 879 3229 inferioris
894 3166 934 3229 ad
949 3165 1088 3229 tribunal
1100 3183 1148 3225 su-

214 3262 344 3342 perioris
360 3261 453 3322 datur
466 3260 645 3340 appellatio.

156 3393 158 3396 -
253 3354 383 3418 Accedit
398 3353 492 3415 etiam
508 3354 570 3414 alia
584 3355 663 3416 ratio
679 3354 823 3433 pet'taex
833 3353 976 3416 locorum
987 3351 1145 3414 distantia.

216 3448 337 3527 Quippe
372 3465 469 3527 quum
499 3447 634 3508 vicarius
671 3447 826 3526 generalis
857 3449 889 3506 et
923 3445 1089 3525 episcopus
1118 3444 1148 3504 in

217 3538 328 3598 eadem
347 3533 618 3616 degent'civitate,
638 3540 786 3602 foraneus
804 3541 911 3602 autem
930 3537 1025 3619 longe
1046 3537 1088 3599 ab
1111 3551 1148 3597 ca
