2518 4144
289 309 396 356 meres
418 311 571 358 sracnus
592 313 675 359 rurus
697 311 852 360 esnonrcr.
1002 301 1038 361 tl

97 454 174 536 jure
188 455 324 517 canonico
336 475 394 516 ooo
416 457 494 518 volet
514 458 700 539 coemptum.
713 456 854 520 -Ratio
869 457 932 534 est,
954 456 1039 538 quia,

104 549 180 610 licet
203 549 262 610 ista
277 549 419 628 obreptio
434 550 484 612 vel
507 551 679 630 subreptio,
703 569 773 632 quae
793 551 877 612 cirea
897 550 1041 612 acciden-

104 642 348 704 tabefactorum
360 647 516 720 versatur,
534 661 597 706 non
612 645 735 706 tolleret
748 643 787 705 de
800 661 833 704 se
850 643 1040 706 volunlatem

104 733 308 796 rescribentis
335 735 462 815 (positis
485 735 569 798 enim
598 738 647 797 vel
676 755 739 798 uon
767 735 876 816 positis
899 736 959 796 illis
983 737 1042 796 cir-

105 827 318 905 cumstantiis,
334 829 481 907 princeps
505 830 617 892 eodem
643 831 737 892 modo
763 829 955 909 respondere
971 847 1042 890 cen·

102 923 222 982 sendus
232 922 306 1001 est),
325 925 483 983 Romanus
493 924 646 1002 Pontifex,
655 942 724 1003 cap.
740 924 796 984 XX
811 923 851 984 de
866 922 1037 1002 rescriptis,

103 1019 216 1094 aperte
241 1015 436 1077 voluntatem
462 1035 552 1078 suam
573 1017 633 1078 hae
661 1017 701 1078 de
724 1035 758 1078 re
787 1015 977 1092 declaravit,
1008 1021 1043 1078 nt

103 1127 220 1186 nempe
239 1108 271 1168 in
296 1127 424 1187 poenam
447 1110 565 1171 fraudis
580 1111 630 1172 vel
653 1111 716 1172 doli
743 1110 878 1172 mendax
897 1113 1043 1188 precator·

103 1205 214 1262 careat
232 1200 416 1280 impetratis.

143 1297 185 1356 nt
197 1295 265 1355 haee
280 1295 320 1355 de
334 1295 364 1356 vi
386 1297 611 1375 rescriptorum
629 1297 713 1359 dicta
731 1296 898 1358 sufficiant.

143 1391 183 1450 V.
208 1389 296 1448 Nune
310 1387 349 1448 de
363 1390 572 1470 rescriptorum
585 1390 748 1452 duratione.

145 1480 354 1559 Rescriptum,
367 1482 425 1542 nisi
439 1483 530 1544 aliter
538 1489 666 1546 cautum
673 1483 777 1560 fuerit,
791 1501 848 1544 seu
865 1483 907 1544 ad
920 1486 1041 1546 certum

103 1580 231 1652 tempus
254 1591 437 1636 eoncessum
458 1577 613 1654 fuerit,in
640 1581 828 1657 perpetuum
858 1593 1041 1638 concessum

103 1668 251 1729 habetur.
268 1669 347 1728 Nam
360 1687 398 1729 ea
412 1673 460 1732 est
474 1671 700 1750 rescriptorum
726 1670 847 1732 indoles
875 1672 910 1730 ut
924 1669 975 1729 vel
1000 1669 1040 1730 de

100 1762 210 1840 legum
233 1763 345 1822 natura
354 1763 559 1842 participent,
582 1765 686 1844 prouti
701 1767 775 1826 sunt
788 1762 944 1842 rescripta
967 1781 1039 1842 quse

102 1854 226 1914 faciunt
239 1855 292 1934 jus
306 1873 483 1934 commune,
496 1858 546 1918 vel
569 1859 681 1920 saltem
693 1859 800 1936 legum
813 1861 959 1918 naturam
970 1855 1041 1916 imi-

103 1947 253 2008 tenturin
268 1966 305 2008 eo
320 1950 404 2028 quod
423 1949 572 2030 principis
591 1952 786 2012 voluntatem
806 1951 953 2030 produnt,
969 1965 1039 2027 quae

103 2059 169 2101 non
190 2042 390 2119 praesumitur
412 2041 534 2104 variata
565 2063 728 2124 quousque
763 2042 917 2104 variatam
944 2040 1039 2100 fuisse

103 2134 348 2196 demonstretur.
372 2137 570 2216 Quapropter
590 2136 857 2218 quemadmodum
873 2134 924 2194 lex
942 2133 1039 2192 semel

103 2245 142 2288 ac
162 2227 229 2288 lata
244 2228 338 2290 fuerit
352 2245 389 2290 eo
405 2247 504 2310 usque
529 2229 702 2310 perdurare
718 2231 864 2289 censetur
876 2243 1039 2306 quousque

103 2339 124 2380 a
144 2319 286 2399 principe
308 2341 370 2382 non
385 2323 489 2401 luerit,
506 2343 564 2384 nec
587 2325 705 2384 directe
725 2339 783 2382 nee
797 2319 964 2395 indirecte,
981 2337 1039 2379 neo

102 2432 251 2492 expresse
273 2433 331 2476 nec
350 2416 456 2494 tacite,
480 2417 650 2496 abrogata,
670 2416 714 2478 ita
730 2414 917 2493 rescriptum
940 2412 1038 2474 semel

102 2525 289 2568 concessum
303 2511 426 2570 tantum
441 2509 534 2572 durat
556 2511 656 2572 donee
675 2508 847 2589 aprincipe
859 2510 1034 2568 revocetur.

144 2600 209 2662 Sed
224 2600 255 2660 in
270 2605 422 2681 quantum
443 2603 631 2682 rescriptum
642 2603 787 2681 specifice
803 2600 908 2662 differt
923 2619 943 2660 a
954 2600 1035 2677 lego,

102 2693 202 2754 habet
218 2711 291 2755 suos
310 2695 472 2756 desinendi
487 2697 598 2760 modos
619 2696 763 2776 proprios
785 2697 817 2755 et
840 2691 1035 2772 singularem

101 2805 219 2864 nempe
254 2805 317 2848 non
343 2791 465 2850 tantum
488 2790 689 2852 revocatione
718 2786 888 2868 principie,
920 2785 977 2846 sed
1006 2789 1038 2847 et

100 2879 336 2942 renuntiatione
359 2883 390 2942 et
410 2887 512 2944 morte
527 2901 650 2944 cessare
669 2885 783 2961 potest.

142 2973 385 3035 Renuntiatione
398 2975 516 3038 scilicet
524 2977 720 3056 impetrantis
737 2977 839 3036 cessat
849 2972 1036 3051 rescriptum

100 3066 188 3144 quod
218 3067 358 3128 continet
381 3087 503 3130 merum
522 3071 663 3132 levorem
689 3069 739 3132 vel
752 3066 927 3146 simplicem
955 3065 1036 3127 utili-

98 3161 199 3220 tatem
215 3159 422 3238 impetrantis.
438 3163 596 3224 Notissimi
612 3164 695 3224 enim
707 3163 787 3244 juris
808 3164 854 3222 est
875 3159 960 3240 quod
971 3159 1035 3239 juri

99 3271 158 3332 pro
174 3272 209 3312 se
223 3253 402 3316 introducto
416 3255 547 3335 quilibet
562 3260 665 3336 potest
681 3255 872 3318 renuntiare.

140 3347 243 3408 Morte
258 3365 333 3408 vero
347 3347 511 3428 tripliciter
525 3369 648 3412 cessare
658 3353 762 3432 potest
775 3348 963 3425 rescriptum
977 3343 1035 3402 im·

98 3441 255 3519 peirantis
267 3459 391 3520 nempe,
407 3444 581 3507 executoris
595 3445 644 3506 vel
661 3441 872 3506 rescribentis.

140 3537 172 3596 l⁰
193 3535 293 3597 Morte
302 3535 504 3615 inpetraritis·
514 3555 584 3618 quse
592 3539 675 3600 enim
685 3534 914 3600 eoncessesunt
926 3525 1031 3589 animo
