2542 4122
189 320 247 380 202
399 317 627 375 msrrrcrroiins
648 324 731 372 runis
752 325 907 372 cenorum.

191 476 390 557 majestatem
404 471 554 551 principis
574 473 804 550 repraesentant
818 471 905 550 quasi
930 491 989 551 per
1012 475 1126 536 seriem

192 571 243 632 rel
263 573 407 631 catenum
433 566 603 646 quamdam
623 583 693 644 quae
713 583 733 624 a
753 563 894 642 principe
912 585 1013 644 usque
1027 569 1069 628 ἃᾶ
1082 569 1127 629 in-

192 667 302 726 fimum
320 661 540 740 magistratum
564 657 742 734 descendit,
767 657 933 718 etiterum
959 660 1000 720 ah
1020 661 1126 724 infimo

195 757 335 818 omnium
348 753 535 832 magistratu
549 752 589 811 ἃᾶ
601 749 775 828 principem
790 768 889 829 usque
905 753 1087 816 revertitur.

235 854 344 928 ltaque
352 848 420 928 jam
430 849 498 907 tum
512 864 531 904 a
544 843 710 922 primitivis
725 843 914 921 evengelicae
930 847 1129 923 praedicatio

196 945 242 1005 nis
265 940 458 1020 temporibus
485 937 630 1000 videmus
660 936 814 1015 quosdam
842 937 937 998 fuisse
971 939 1128 1003 institutos

196 1038 357 1116 episcopos
373 1033 423 1112 qni
442 1051 504 1092 non
519 1034 644 1100 tantum
656 1047 721 1090 suae
735 1033 907 1107 praeessent
922 1031 1063 1110 dioecesi,
1076 1036 1129 1095 sed

197 1131 291 1192 etiam
305 1127 445 1189 omnium
459 1123 669 1186 Ecclesierum
688 1121 820 1202 alicujus
835 1124 1006 1201 provinciae
1023 1145 1129 1188 curem

198 1223 396 1284 sustinerent.
416 1221 463 1280 lta
477 1218 564 1279 Titus
579 1215 713 1276 nonfuit
732 1234 751 1275 a
766 1215 862 1276 Paulo
878 1217 1007 1280 relictus
1018 1222 1127 1299 Crete,

198 1335 256 1376 nec
266 1314 447 1376 Timotheus
459 1310 585 1389 Ephesi,
602 1311 637 1370 ut
647 1311 769 1370 tantum
782 1310 927 1371 Creteam
937 1313 989 1372 vel
1001 1314 1130 1392 Ephesi-

198 1427 272 1469 nam
291 1407 465 1468 Ecclesiam
477 1403 743 1479 administrarent,
758 1403 813 1462 sed
828 1406 908 1464 utet
923 1405 1067 1466 omnium
1077 1409 1132 1468 ue-

198 1501 365 1562 elesiarum
378 1519 448 1579 quae
463 1503 530 1559 tum
549 1496 698 1556 ininsula
713 1498 824 1572 Cretae,
840 1499 908 1556 tum
922 1497 955 1556 in
970 1501 1131 1577 provincia

199 1593 336 1655 Asiatica
353 1592 492 1652 fundatae
508 1591 643 1666 fucrant,
665 1588 908 1650 sollicitudinem
926 1589 1093 1654 haberent.

240 1691 336 1747 Porro
358 1703 455 1763 quum
479 1683 512 1742 in
534 1683 657 1742 delectu
680 1682 793 1741 harum
813 1682 976 1744 civitatum
1000 1704 1132 1764 quarum

201 1778 354 1858 episcopis
375 1777 444 1836 haeo
466 1774 746 1854 superepisaupalis
766 1775 902 1854 dignitas
924 1778 1130 1856 conferretur,

202 1874 309 1948 electae
324 1871 449 1931 fuerant
465 1870 654 1947 metropoles
675 1867 908 1947 provinciarum
928 1889 991 1950 quo
1014 1873 1134 1934 fecilior

202 1969 325 2046 pateret
338 1965 379 2026 ed
394 1963 521 2024 easdem
542 1981 685 2022 accessus
699 1981 705 2022 :
720 1962 793 2022 inde
814 1965 860 2023 est
877 1963 962 2042 quod
979 1965 1030 2027 har
1047 1967 1134 2027 sedes

203 2059 395 2140 episcopales
410 2056 620 2134 metropoleos
639 2055 765 2116 nomine
788 2056 912 2118 donatae
935 2063 1019 2136 sunt,
1044 2064 1134 2139 prout

200 2154 267 2234 jem
280 2155 312 2215 in
327 2152 436 2214 ordine
453 2149 534 2212 civili
546 2152 745 2210 usuvenerat.

245 2251 396 2310 Successu
420 2249 608 2323 temporum,
627 2261 724 2324 quum
752 2243 886 2321 politicae
905 2244 1134 2308 vicissitudines

204 2340 393 2416 metropoles
407 2337 651 2414 immutaverint,
669 2335 742 2397 dicti
756 2339 828 2398 sunt
840 2337 943 2414 potius
954 2337 1135 2416 simpliciter

205 2430 429 2509 archiepiscopi,
448 2434 599 2508 tanquam
623 2429 726 2508 eapite
751 2429 971 2508 episcoporum
991 2450 1134 2512 compro-

205 2522 400 2600 vincialium,
423 2522 528 2601 quiin
551 2523 660 2583 ordine
686 2523 727 2583 ad
755 2522 824 2583 illos
844 2522 918 2586 dicti
938 2527 1013 2586 sunt
1031 2525 1134 2605 soffro-

207 2637 308 2697 qundo

248 2714 326 2772 ΧΙΙΙ.
351 2711 470 2771 Eadem
484 2711 581 2770 ferme
597 2709 799 2788 proportione
819 2727 881 2788 quo
895 2710 1135 2775 instituebantur

209 2803 346 2881 episcopi
370 2803 577 2882 metropolitae
598 2821 693 2880 super
712 2802 874 2882 episcopos
892 2805 1135 2884 comprovincia-

207 2896 265 2970 les,
281 2894 400 2955 institui
420 2895 514 2957 etism
533 2898 698 2974 coeperunt
712 2899 743 2956 et
760 2895 897 2974 episcopi
913 2897 966 2976 qui
980 2902 1136 2978 metropo-

208 2989 270 3050 litis
286 2988 577 3066 etiampraecssent,
600 3007 712 3067 nempe
733 2989 785 3067 qui
804 2994 976 3068 praeessent
994 2992 1136 3053 omnibus

209 3081 377 3164 prouinciis
397 3082 612 3144 ecclesiasticis
637 3100 706 3160 quae
726 3081 758 3142 in
780 3082 884 3162 aliquo
906 3102 1004 3163 regno
1020 3085 1071 3146 vel
1086 3103 1137 3144 na-

209 3179 294 3240 tione
309 3176 554 3238 continerentur.
577 3175 656 3236 Dicti
676 3179 748 3236 sunt
762 3175 812 3237 isti
828 3178 912 3255 apud
929 3178 1057 3239 Latinos
1078 3177 1138 3258 pri-

209 3280 310 3349 mates,
327 3269 463 3332 acerelio
479 3287 553 3329 vero
574 3287 669 3346 penes
683 3271 816 3330 Graecos.
837 3270 888 3331 Sic
910 3271 1065 3332 hebemus
1079 3271 1139 3350 pri-

211 3362 1138 3443 matemGentuariensemproAnglia‚salisburgensempro

213 3458 390 3533 Germania,
408 3456 650 3534 Lugdunensem
669 3473 725 3533 pro
747 3456 861 3533 Galliis,
883 3458 1071 3519 Toletenum
1086 3475 1138 3536 pro

214 3547 373 3622 Hispania,
393 3551 452 3608 etc.
469 3549 545 3608 Tres
567 3549 673 3608 autem
693 3547 819 3610 fuerunt
840 3549 1026 3612 exarchatus
1047 3567 1139 3634 penes
