2518 4144
193 356 214 418 6
405 370 633 420 lnsmrurlonns
653 371 737 420 touls
759 369 912 417 cenoman

196 512 316 575 nendos
331 513 421 576 facile
433 515 626 580 constituunt
642 516 801 597 objectum
815 513 1037 589 scientificum
1054 534 1134 578 nam

197 623 269 669 cum
307 610 475 688 conceptus
509 609 616 689 legum
644 609 850 685 clarissimus,
888 607 1037 686 spectatis
1070 608 1134 669 cir·
1161 620 1168 632 ·

199 700 392 762 cumstantiis
419 701 563 762 omnibus
588 702 621 762 in
648 703 762 782 quibus
788 701 950 777 feruntur,
971 719 1039 762 esse
1066 720 1133 763 nou

197 792 363 872 potuisset,
380 793 498 854 factum
526 797 630 856 estut
659 793 770 856 eruditi
797 792 855 855 viri
881 811 934 854 eas
961 794 1134 872 explanare

198 886 300 948 conati
324 888 412 962 sunt,
440 887 490 947 vel
515 886 711 965 explicando,
727 886 779 948 vel
802 885 1052 964 interpretando,
1079 887 1133 948 vel

169 973 172 986 '
197 977 401 1056 vindicando,
415 981 447 1040 et
462 980 679 1052 effeceruntut
697 998 734 1039 ex
748 978 915 1057 lege'civili
931 982 962 1041 et
978 980 1136 1042 canonica

198 1071 330 1132 facultas
352 1071 497 1150 quaedam
519 1073 747 1133 efformaretur.
773 1071 851 1132 Hinc
872 1071 979 1150 legum
999 1071 1135 1133 scientia

200 1166 293 1225 enata
306 1167 364 1240 est,
380 1182 450 1244 qua
469 1165 554 1244 leges
569 1183 627 1244 pro
642 1164 793 1227 verietate
807 1166 987 1243 temporum
1000 1167 1031 1228 et
1044 1165 1135 1226 loco-

198 1273 270 1317 rum
283 1257 418 1334 exponit.

239 1349 291 1411 lv.
315 1348 370 1410 His
387 1350 576 1428 generaliter
595 1349 776 1429 prelibatis,
794 1349 904 1429 paucis
927 1350 1134 1412 scientificum

201 1440 482 1503 ecclesiasticarum
496 1443 604 1522 legum
624 1443 834 1506 evolutionem
848 1461 1090 1523 prosequemur.

240 1534 287 1594 lix
305 1533 385 1613 juris
411 1534 591 1598 diversitate
611 1535 808 1615 potissimum
832 1540 864 1597 et
885 1555 924 1596 ex
949 1536 1135 1597 formasse

201 1625 402 1688 inst‘tutionis
436 1627 615 1690 discrimine
655 1628 738 1690 inter
774 1627 938 1708 utriusque
975 1628 1136 1690 societatis

202 1719 303 1797 lagae,
323 1723 455 1798 apparet
480 1719 673 1782 differentia.¹
690 1723 790 1800 Leges
808 1721 1025 1784 ecclesiastica
1046 1720 1136 1782 initio

203 1829 311 1890 paucae
336 1811 479 1886 fuerunt3
497 1813 611 1873 deinde
636 1813 676 1874 ob
701 1813 884 1874 earumdem
902 1813 1137 1876 multitudinem

203 1903 402 1965 collectiones
423 1908 454 1966 et
476 1905 599 1966 codices
626 1905 684 1966 orti
709 1909 797 1967 sunt.
817 1906 896 1968 Hinc
923 1907 1008 1986 leges
1026 1905 1138 1986 hujus-

202 1996 299 2074 modi,
316 1997 400 2058 viam
415 1997 639 2075 patefacientes
654 1997 757 2059 dubiis
772 2001 803 2060 et
813 1997 1134 2077 interpretationibus,

202 2089 340 2152 scientia
355 2107 470 2151 nomen
494 2089 553 2151 sibi
576 2090 798 2152 vindicarunt:
817 2091 965 2171 quelibet
983 2104 1058 2152 vero
1084 2108 1137 2151 ars

202 2186 233 2244 et
246 2183 381 2246 seientia
394 2183 490 2246 habet
502 2202 593 2245 suam
608 2183 782 2245 historiam.

244 2277 354 2347 Quoad
363 2276 416 2354 jus
431 2275 628 2352 canonicum,
641 2275 790 2353 distingui
801 2277 904 2354 potest
917 2295 924 2336 z
942 2278 972 2336 1⁰
991 2277 1068 2337 aetas
1079 2277 1138 2335 Pa·

201 2370 287 2428 trum
297 2367 337 2427 ab
350 2367 438 2429 initio
451 2367 611 2446 religionis
622 2367 799 2428 christianae
810 2368 851 2428 ad
863 2367 1014 2428 saeculum
1027 2369 1135 2440 Xll⁰m;

205 2464 237 2521 2⁰
250 2478 270 2521 a
281 2460 396 2521 saeculo
413 2461 481 2520 Xll⁰
496 2459 537 2520 ad
549 2461 669 2537 XVIum,
687 2463 763 2521 aetas
781 2459 1059 2535 scholasticorum
1076 2462 1139 2521 3⁰a

207 2552 322 2614 saeculo
337 2554 421 2616 XVI⁰
436 2553 477 2612 ed
494 2570 675 2632 nasusque,
691 2555 768 2614 eetas
785 2553 1033 2616 restaurationis.

246 2649 277 2706 1⁰
298 2645 346 2706 Ab
374 2644 478 2722 initio,
498 2645 549 2726 jus
572 2645 816 2707 ecclesiasticum
837 2663 856 2706 a
876 2645 1140 2725 sacratheologia

208 2737 390 2800 distinctum
413 2757 476 2800 non
495 2739 562 2801 fuit.
577 2737 751 2818 Theologia
772 2738 856 2800 enim
877 2742 945 2801 erat
967 2739 1085 2800 docens
1107 2742 1140 2801 et

209 2831 793 2912 quidcredendumetquidagendum.

247 2928 279 2984 2⁰
294 2926 426 2985 Demum
451 2924 567 2986 factum
582 2928 630 2985 est
643 2927 679 2985 ut
690 2924 851 3004 theologie
870 2925 954 2986 circa
976 2925 1137 3004 dogmata,

204 3017 257 3096 jus
272 3019 377 3077 autem
390 3017 473 3077 cirea
487 3016 702 3096 disciplinares
713 3018 799 3097 leges
808 3021 990 3078 versaretur
1002 3035 1008 3076 :
1021 3017 1139 3078 saeculo

208 3111 277 3171 Xll⁰
288 3111 399 3170 Petrus
409 3109 604 3170 Lombardus
617 3113 649 3170 et
663 3109 828 3170 Gratianus
841 3109 1017 3170 studiorum
1040 3110 1142 3170 eccle·

209 3201 404 3264 siasticorum
416 3220 549 3280 regnum
563 3202 645 3264 inter
657 3221 704 3278 se,
718 3205 754 3263 ut
765 3202 811 3264 ita
820 3202 934 3278 dicam,
952 3201 1138 3264 diviserunt.

209 3298 243 3358 P.
261 3294 457 3356 Lombardus
468 3294 541 3355 fidei
554 3295 739 3358 veritatibus
762 3293 954 3356 illustrandis
973 3313 1011 3355 ac
1031 3295 1143 3355 deien-

210 3387 336 3465 dendis‚
355 3387 519 3448 Gratianus
540 3407 614 3450 vero
633 3388 760 3467 legibus
774 3388 921 3448 Ecclesia
942 3387 1140 3467 colligendis,

210 3480 452 3561 interpretandis
467 3498 504 3541 ac
516 3480 723 3556 vindicandis,
741 3498 938 3559 summopere
953 3479 1139 3542 incubuere.

211 3575 257 3635 lta
279 3575 395 3636 factum
424 3577 528 3635 estut
553 3575 664 3634 Petrus
690 3572 885 3634 Lombardus
920 3572 1144 3652 theologorum
