2502 4130
360 296 399 342 nu
420 295 549 345 omacro
568 298 652 346 rums
675 297 833 348 annosior.
1005 285 1060 348 aul

126 457 193 500 non
221 442 302 500 esset
335 440 394 502 uisi
422 442 568 521 quedam
594 443 835 520 commendatio,
858 445 964 506 mmen
992 462 1065 506 cum

127 533 268 613 episcopi
283 534 484 612 gratitudinis
505 536 587 598 soliti
610 540 701 598 erant
713 537 854 615 patronis
870 555 991 598 morem
1009 557 1066 617 ge-

126 645 217 703 rere,-
232 627 436 707 ipsorumque
471 628 637 690 admittere
673 629 978 692 commendationem
1005 631 1064 692 nisi

127 719 249 800 aliquid
264 720 415 798 obstaret,
432 721 522 783 facile
538 723 638 786 evasit
648 725 684 784 ut
695 722 764 784 haeo
772 723 971 802 praesentatio
985 724 1064 786 tanti

126 813 277 892 ponderis
292 813 464 876 haberetur
476 818 512 877 ut
525 834 588 878 uon
602 817 712 878 liceret
726 816 872 896 episcopo
891 835 962 878 eam
976 835 1064 880 raou-

127 925 214 980 sare;
228 906 284 967 sed
295 905 424 969 deberet
438 908 470 969 iu
484 909 582 970 sacris
597 909 708 971 officiis
722 909 884 971 instituere
897 928 1063 989 personam

127 1003 292 1079 apatrono
305 1005 539 1080 praesentatam,
557 1003 615 1064 nisi
626 1021 665 1064 ea
679 1002 813 1081 incapax
832 1003 1064 1066 demonstrare-

125 1097 189 1155 tur.

167 1189 220 1250 lX.
244 1187 298 1249 His
317 1186 489 1250 honoribus
503 1207 560 1268 pro
575 1189 657 1251 laica
674 1189 852 1252 conditione
873 1191 1064 1269 prestantis·

126 1281 226 1359 simis,
243 1281 312 1343 haea
334 1287 533 1345 accesserunt
547 1282 715 1345 commoda
728 1283 841 1364 quibus
854 1282 949 1346 etiam
963 1284 1064 1345 acola-

125 1375 246 1436 siarum
267 1375 450 1437 fundatores
483 1377 677 1438 cohonestati
710 1381 793 1440 sunt.
824 1379 899 1438 Haec
924 1377 965 1438 ad
999 1378 1061 1440 duo

124 1467 323 1530 reducuntur
337 1468 457 1552 capita:
475 1472 505 1530 l⁰
519 1470 560 1530 ad
574 1469 626 1550 jus
644 1470 825 1549 imponendi
841 1489 953 1532 census
967 1490 1063 1550 pecu-

124 1561 244 1622 niarios
255 1563 294 1623 ab
310 1561 443 1622 ecclesia
454 1563 649 1641 praestaudos
662 1564 727 1624 sive
742 1563 899 1626 fundatori
915 1564 984 1642 ipsi,
997 1563 1062 1625 sive

125 1654 196 1716 aliis
221 1655 260 1716 ab
280 1673 317 1716 eo
337 1655 505 1717 nominatis
532 1656 564 1715 in
588 1656 702 1717 tabulis
719 1656 927 1743 fundationis;
957 1661 991 1720 2⁰
1010 1657 1063 1738 jus

124 1746 299 1826 recipiendi
315 1747 463 1808 alimenta
476 1748 515 1808 de
532 1748 623 1809 bouis
639 1748 778 1810 ecoleaiae
793 1743 933 1829 'proprioe
952 1749 1062 1812 funda·

123 1841 230 1916 tionis,
256 1840 412 1920 siquidem
436 1840 502 1920 ipse
527 1841 675 1904 fundator
699 1845 753 1903 aut
767 1861 847 1904 uxor
869 1849 923 1905 aut
949 1843 1004 1906 filii
1022 1844 1062 1905 ad

123 1933 265 2012 inopiam
277 1937 454 2012 vergerent.

120 2053 124 2060 ·
166 2025 221 2087 His
236 2025 407 2087 honoribus
422 2031 453 2088 et
465 2027 638 2088 commodis
654 2045 756 2106 pauca
777 2045 874 2088 onera
892 2029 1061 2106 responda-

123 2121 204 2181 baut
216 2137 222 2178 :
236 2121 267 2180 ιο
278 2137 357 2181 onus
367 2119 537 2200 vigilantiae
548 2120 953 2200 superadministrationem
962 2121 1062 2182 bono-

123 2231 197 2274 rum
221 2212 361 2274 eccleaiae
382 2231 400 2272 a
423 2232 456 2274 sc
471 2212 622 2290 fundatae,
640 2233 753 2293 nempe
779 2217 813 2275 ut
833 2213 1062 2276 administratio

122 2307 216 2368 fieret
224 2305 315 2386 juxta
326 2306 412 2386 legas
427 2306 634 2380 fundationis;
652 2326 714 2387 quo
728 2306 800 2387 jura
814 2307 944 2369 deberet
957 2310 1060 2386 patro·

122 2418 184 2460 nus
199 2399 345 2478 episcopo
358 2400 486 2475 referre,
503 2399 528 2460 si
540 2400 659 2480 aliquid
674 2419 737 2462 non
753 2404 837 2463 recte
848 2399 1061 2464 administrari

123 2492 340 2571 cognovisset3
360 2496 390 2552 2⁰
406 2510 485 2554 onus
500 2492 689 2554 defendendi
702 2494 868 2556 ecclesiam
883 2496 923 2557 ab
934 2514 1061 2575 oppres·

123 2586 212 2648 sione
247 2586 444 2664 potentium;
473 2587 506 2647 3ο
530 2605 610 2648 onus
633 2587 813 2666 reparandi,
848 2587 1057 2664 restaurandi,
1105 2644 1107 2649 .

121 2677 337 2743 reaedificandi
364 2678 540 2756 ecclesiam,
565 2678 722 2760 siquidem
748 2682 903 2742 vetustate
921 2684 976 2741 aut
998 2679 1060 2740 alia

124 2773 165 2834 de
180 2789 277 2832 causa
291 2771 509 2833 collaberetur.
781 2852 782 2856 Ἰ

164 2867 211 2926 llx
232 2863 318 2925 hisce
336 2864 480 2925 omnibus
500 2864 682 2943 honoribus,
710 2865 893 2944 commodis,
912 2866 1060 2930 oneribus

124 2956 242 3020 coaluit
254 2957 414 3036 quoddam
423 2957 475 3037 jus
486 2958 656 3037 positivum
669 2959 709 3020 ab
723 2959 864 3021 Ecclesia
877 2979 1057 3040 repensum,

123 3051 220 3113 veluti
238 3070 304 3129 praa
314 3051 505 3130 gratitudine
521 3052 742 3114 fundatoribus
752 3053 868 3115 aedium
883 3071 1056 3129 sacrarum,

124 3145 210 3224 quod
222 3143 274 3224 jus
284 3147 469 3223 patronatus
479 3145 598 3206 dietum
611 3150 668 3208 est.

165 3237 229 3300 Sed
244 3237 305 3299 hoo
313 3237 377 3318 jue,
387 3237 482 3318 quod,
495 3237 616 3318 origine
629 3258 685 3300 sua
695 3239 846 3319 inspecta,
860 3242 928 3302 erat
933 3238 985 3319 jus
998 3239 1059 3300 sin·

121 3331 233 3410 gulare
253 3329 430 3392 institutum
444 3349 500 3409 pro
519 3331 738 3395 fundatoribus
753 3333 868 3395 aedium
883 3350 1055 3410 sacrarum,

121 3423 239 3486 sensim
264 3424 304 3485 ad
325 3423 402 3484 alios
426 3424 522 3485 etiam
546 3425 732 3503 perductum
752 3429 799 3488 est
822 3446 828 3486 :
853 3443 966 3504 nempe
977 3424 1057 3505 juris

122 3517 271 3598 analogia
284 3516 389 3579 effecit
403 3521 438 3578 ιιι
457 3515 517 3578 hoc
528 3517 580 3598 jus
598 3521 779 3600 competens
794 3517 952 3581 fundatori
962 3517 994 3579 in
1007 3536 1059 3581 or·
