2502 4130
53 329 59 336 -
152 291 211 356 298
370 303 602 360 rrsrrrmrouss
620 263 878 350 maismacum.

166 488 169 498 ·
192 454 226 512 2⁰
247 451 303 514 lus
327 448 500 512 advocatia
522 466 586 510 non
605 447 653 510 est
662 445 838 527 jurisdictio
858 439 1089 517 ecclesiastica,

151 544 307 624 siquidem
320 543 464 606 isiacum
478 543 623 604 omuibus
644 539 793 602 Ecclesiae
810 537 933 618 jurihus
947 533 1088 613 supponi

154 639 249 700 dehet
268 641 304 700 ut
324 637 423 717 possit
444 636 476 696 in
499 655 555 698 suo
575 634 723 696 exercitio
736 632 837 705 tueri;
854 629 909 692 sed
922 628 1030 708 potius
1043 629 1092 688 est

152 732 269 794 functio
295 731 441 812 quaedam
462 729 561 792 civilis
584 727 769 790 coordinata
802 725 844 798 ad
869 721 1090 784 defensionem

149 825 379 906 jurisdictionis
401 823 629 900 ecclesiastice,
654 839 715 902 quo
732 821 854 898 spectat
880 834 997 878 nomen
1010 813 1091 874 illud

154 919 391 1000 quoaliquendo
399 918 460 979 hoc
464 917 517 998 jus
527 915 679 996 appellari
687 915 776 991 solet,
785 909 1089 984 trachiumsecuure,

119 1003 123 1011 ’
153 1013 271 1074 scilicet
293 1015 328 1073 ut
349 1011 504 1090 exprimat
520 1027 708 1072 concurrere
725 1011 877 1087 tanquam
898 1005 1090 1065 iustrumen-

152 1111 221 1168 tum
235 1105 319 1185 quod
332 1105 373 1166 ab
389 1103 601 1166 ecclesiastica
616 1102 802 1164 auctoritate
816 1104 970 1178 tanquam
986 1095 1090 1175 capite

153 1199 315 1278 dirigatur.
345 1200 447 1271 Quare
468 1197 528 1258 hoo
540 1196 592 1277 jus
613 1195 786 1258 Ecclesiam
805 1211 868 1254 non
883 1189 1087 1266 determinat,

153 1293 209 1353 sed
231 1293 271 1354 eh
286 1292 426 1354 Ecclesia
438 1290 684 1352 determinatur:
701 1287 874 1350 Ecclesiam
888 1304 952 1346 uon
967 1282 1087 1362 dirigit,

152 1386 208 1446 sed
218 1385 374 1446 subservit
381 1385 544 1458 Ecclesiae3
560 1387 592 1445 et
605 1380 948 1462 apprime·Feuelonius
963 1377 1090 1439 archie-

151 1479 297 1558 piscopus
318 1477 564 1554 Cameracensis,
583 1477 616 1537 in
633 1477 774 1538 oratione
790 1475 898 1536 hahita
920 1473 953 1532 in
976 1489 1089 1532 conse-

154 1571 292 1634 cratione
316 1570 459 1632 electoris
473 1569 681 1647 ColoniensiS,
706 1571 871 1649 comparat
891 1565 1086 1646 prinoipem,

153 1670 305 1744 tanquam
326 1664 515 1725 advocatum
548 1663 706 1740 Ecclesiae,
740 1662 830 1723 militi
863 1659 916 1740 qui
939 1656 1090 1720 excubias

141 1757 219 1837 agit
232 1761 319 1818 extra
332 1760 456 1834 portam
470 1757 590 1835 templi,
606 1759 697 1818 cavet
709 1775 748 1816 ne
762 1754 969 1834 ingrediatur,
985 1755 1046 1812 eto.

193 1853 225 1911 3⁰
239 1849 342 1910 Posito
358 1847 442 1927 quod
455 1849 516 1910 hoc
529 1849 702 1912 advocatia
714 1848 766 1930 jus
780 1849 858 1908 nihil
873 1846 959 1908 aliud
974 1841 1090 1905 sitnisi

154 1941 358 2006 coordinendi
371 1943 477 2003 media
491 1943 596 2005 civilie
614 1947 646 2005 et
668 1942 854 2022 temporalia
875 1941 917 2002 ad
931 1937 1094 2018 defensioq

154 2056 227 2098 nem
238 2035 463 2118 jurisdictionis
478 2035 707 2113 ecclesiasticae,
716 2035 783 2116 jem
797 2038 885 2114 patet
899 2033 985 2114 quod
999 2050 1092 2092 exer-

155 2131 263 2194 citium
277 2129 345 2211 ejus
359 2132 462 2210 potest
475 2130 533 2191 suh
547 2129 663 2208 duplici
682 2129 832 2208 temporis
849 2127 1000 2208 adjuncto
1014 2143 1091 2186 oon-

153 2225 301 2286 siderari:
319 2224 368 2285 vel
383 2226 554 2302 antequem
560 2221 737 2302 jurisdictio
749 2220 960 2283 ecclesiastica
968 2217 1089 2298 aliquid

153 2318 314 2393 decernat,
331 2317 380 2377 vel
395 2320 563 2396 postquam
577 2315 697 2394 aliquid
709 2315 859 2376 decrevit.
884 2313 917 2376 Si
933 2312 1088 2391 exprimo

154 2428 241 2484 casu,
264 2409 347 2468 illius
371 2413 418 2469 est
439 2409 611 2488 advigilare
630 2412 666 2470 ut
682 2407 858 2488 jurisdictio
879 2405 1091 2468 ecclesiastice

154 2499 335 2583 plenissima
346 2501 484 2580 gaudeat
498 2490 652 2578 libertato,
674 2520 713 2564 ne
731 2501 878 2562 videlicet
900 2499 963 2560 ullo
985 2499 1088 2560 obsta-

155 2596 224 2657 culo
238 2593 460 2674 praepediatur.
477 2597 648 2674 Propterea
662 2594 743 2656 illius
757 2597 803 2655 est
817 2593 928 2654 mediis
943 2610 1088 2672 praven-

135 2689 225 2776 ¹tivis
240 2689 307 2750 haec
321 2689 483 2750 obstacula
497 2706 670 2750 removere.
689 2689 721 2750 Si
739 2688 771 2748 in
794 2688 893 2748 altera
905 2685 1084 2766 hypothesi,

154 2782 239 2842 nullo
253 2781 313 2842 alio
328 2781 422 2842 modo
436 2784 538 2860 potest
552 2799 623 2840 eam
638 2781 806 2842 defendere
816 2780 875 2841 nisi
885 2779 1086 2859 procurando

153 2873 264 2935 mediis
280 2873 422 2934 civilibus
436 2877 471 2935 ut
480 2875 626 2935 Ecclesiae
642 2874 732 2935 dictis
745 2877 903 2953 pareatur.
913 2873 1087 2935 Undelau-

154 2969 246 3030 datus
259 2965 513 3046 archiepiscopus
525 2968 565 3028 ad
576 2968 638 3028 duo
649 2967 717 3029 haec
728 2967 831 3029 officia
840 2966 900 3028 hoo
913 2966 1086 3027 advocatiae

150 3063 203 3145 jus
225 3059 364 3123 reducit:
384 3063 414 3120 l⁰
428 3063 463 3120 ut
477 3060 517 3121 ab
533 3061 668 3122 externis
689 3061 830 3122 hostibus
845 3059 1018 3121 Ecclesiam
1033 3059 1089 3120 de-

153 3156 271 3233 fendat,
289 3157 324 3216 ut
336 3153 420 3216 omni
432 3154 576 3214 libertate
591 3155 690 3232 possit
704 3155 764 3216 ista
782 3153 913 3214 definire
933 3153 1009 3234 quid
1040 3153 1088 3212 rei

153 3269 218 3312 suae
232 3252 359 3312 censeat
373 3251 585 3328 opportunum
608 3267 693 3322 esse;
718 3252 751 3308 20
766 3252 801 3308 ut
814 3247 925 3308 mediis
943 3247 1089 3308 civilibus

153 3341 302 3422 procuret
324 3347 359 3406 ut
380 3341 527 3404 Ecclesiae
544 3341 776 3404 definitionibus
795 3341 835 3402 ah
853 3340 998 3402 omnihus
1014 3340 1088 3400 obe·

154 3435 267 3498 diatur.

194 3531 225 3584 4⁰
247 3529 309 3586 Sed
322 3527 395 3588 licet
409 3529 469 3588 hoe
478 3529 530 3608 jus
546 3547 607 3589 non
623 3528 663 3588 sit
673 3526 849 3609 jurisdictio
863 3526 1085 3604 ecclesiastica,
