2518 4144
293 297 398 344 mmet
422 300 574 347 srnenns
595 303 677 350 soris
700 305 854 354 canonici.
999 297 1038 356 73

106 440 324 519 confringatur
349 441 562 520 contumacia,
596 443 679 504 unde
708 443 756 504 his
789 449 913 511 territus
945 455 1040 530 caput

105 536 224 610 flectat,
242 536 273 592 et
292 531 469 594 auctoritati
482 533 628 596 Ecclesia
643 537 860 613 peonitentiam
875 541 918 602 illi
937 542 1040 624 injun-

106 627 210 708 gentis
222 645 256 686 se
271 625 445 686 submittat.

147 719 335 800 Hujusmodi
363 719 491 779 secundi
525 720 649 798 generis
677 739 800 801 poenae,
828 743 898 804 quae
924 726 1043 791 habent

106 815 227 875 directe
242 830 299 891 pro
311 813 373 872 fine
387 816 540 873 terrorem
555 813 763 893 delinquentis
783 821 815 878 at
831 817 913 880 illius
935 823 1042 882 contu·

106 907 219 968 maciae
242 905 517 984 compressionem,
539 905 724 968 dictasunt
745 927 883 988 cemaroe,
908 929 1044 992 quarum

107 1004 225 1060 natura
245 998 314 1058 talis
335 1001 382 1058 est
401 1001 435 1058 ut
450 998 538 1059 smila
553 999 750 1060 contumacia
762 1019 817 1062 seu
832 1002 932 1066 fracta
942 1003 1044 1084 pervi-

109 1092 200 1154 cacia
223 1094 255 1150 et
282 1090 490 1151 obstinatione
511 1091 731 1170 delinquentia,
764 1097 795 1154 et
821 1095 896 1174 ipsoe
921 1101 1045 1158 cessent

108 1190 264 1264 tanquam
277 1201 345 1262 quae
357 1185 503 1244 effectum
516 1203 607 1244 suum
620 1183 736 1246 sortita
747 1189 830 1248 eunt.

150 1277 217 1339 Etsi
233 1275 373 1338 Ecclesia
385 1275 619 1356 delinquentem
635 1295 692 1356 per
709 1277 765 1338 has
781 1297 928 1342 censuras
943 1279 1045 1342 humi·

110 1372 235 1446 liatum,
258 1387 320 1429 non
337 1367 442 1429 statim
460 1367 613 1446 absolvat,
641 1387 703 1431 non
722 1369 782 1432 hcc
801 1371 875 1434 lacit
890 1376 1045 1454 quatenus

113 1466 260 1526 censetur
270 1461 385 1521 durare
402 1479 567 1520 censuram
581 1461 681 1522 fracta
696 1461 844 1523 etiamrei
854 1464 1043 1544 pervicacia,

113 1557 169 1618 sed
192 1559 227 1616 ut
248 1554 360 1634 probet
378 1571 418 1613 an
431 1571 504 1614 vere
532 1553 572 1614 sit
590 1572 662 1614 reus
680 1555 874 1618 emendatae.
899 1557 989 1619 Unde
1008 1575 1047 1618 ex

113 1656 190 1712 tunc
212 1665 345 1708 censura
360 1645 470 1706 haberi
490 1649 593 1725 potest
612 1651 763 1727 tanquam
780 1649 965 1727 poenitentia
980 1668 1047 1712 me-

113 1741 276 1815 dicinalis3
294 1745 325 1801 et
344 1739 469 1819 quando
483 1758 556 1800 reus
575 1758 739 1802 acensura
760 1741 943 1822 absolvitur,
965 1743 1047 1806 illius

113 1842 266 1914 tanquam
279 1831 470 1912 poenitentiae
483 1831 563 1892 ratio
579 1832 723 1894 habetur.

153 1931 207 1990 lv.
226 1930 256 1988 3⁰
272 1926 333 1988 Sed
350 1925 375 1985 si
389 1927 476 1986 tanta
490 1923 530 1985 sit
551 1924 596 1984 rei
613 1926 789 2002 pervicacia
807 1928 891 2007 quod
910 1945 967 2006 per
981 1945 1046 2007 poe·

113 2020 280 2084 nitentiam
300 2037 362 2079 non
381 2017 479 2096 possit
495 2016 536 2076 ad
552 2017 802 2079 emendationem
822 2019 968 2096 conduci,
989 2037 1047 2098 per

113 2131 265 2176 censuras
284 2114 419 2190 nequeat
435 2109 517 2170 illius
536 2108 718 2170 labefactari
739 2109 946 2186 contumacia,
966 2111 1046 2171 adeo

113 2213 149 2270 ut
168 2206 251 2266 illius
278 2203 438 2266 conversio
458 2201 619 2262 moraliter
638 2199 838 2279 impossibilis
862 2202 1044 2280 aestimetur,

113 2306 191 2363 tunc
203 2298 353 2374 Ecclesia,
371 2314 442 2358 cum
455 2313 517 2356 non
533 2294 630 2374 possit
645 2293 811 2372 providere
826 2313 883 2373 per
894 2295 1046 2375 poeniten-

112 2395 192 2458 tiam
204 2387 487 2452 utilitatiindividui
496 2387 678 2466 pervicacis,
691 2387 799 2466 incipit
812 2388 991 2468 prospicere
1005 2388 1046 2452 ad

112 2489 235 2550 bonum
247 2482 418 2562 publicum,
433 2484 468 2541 ut
486 2499 598 2558 nempe
613 2480 756 2556 sociatae,
775 2481 992 2544 universalitas
1007 2498 1045 2544 ex

110 2580 204 2641 malis
219 2574 467 2655 delinquentium
482 2573 631 2652 exemplis
651 2591 714 2634 non
729 2578 958 2652 corrumpatur.

155 2675 223 2734 Hoc
242 2669 317 2730 feeit
336 2667 504 2747 infligendo
525 2684 634 2746 poenas
656 2683 725 2746 quae
744 2667 850 2728 stricto
867 2683 960 2728 sensu
981 2663 1042 2730 dici

114 2767 248 2848 possunt
261 2763 350 2838 tales,
359 2779 490 2840 quaeque
503 2778 566 2820 non
578 2759 761 2838 infliguntur
772 2776 829 2820 nec
843 2757 885 2820 ad
898 2759 1047 2822 emenda-

114 2863 234 2922 tionem
242 2856 299 2933 rei,
312 2873 369 2916 nec
380 2853 421 2914 ad
431 2852 640 2931 expiationem
653 2849 881 2928 dclieti,necad
893 2855 1047 2916 terrorem
1107 2931 1111 2938 ἱ

115 2949 343 3032 delinquentia,
362 2947 417 3008 sed
429 2947 469 3007 ad
485 2946 604 3006 bonum
620 2944 780 3024 publicum
794 2944 1042 3008 instaurandum.

155 3043 259 3120 Unde,
281 3041 421 3120 inspecto
440 3038 638 3099 diversofine
656 3055 750 3116 quem
766 3037 905 3098 Ecclesia
914 3037 1047 3102 intendit

114 3141 146 3201 in
168 3135 272 3218 poenis
292 3131 480 3212 infligendis,
495 3134 558 3192 tres
573 3147 682 3190 earum
696 3129 826 3207 species,
843 3133 878 3191 ut
897 3131 1043 3209 vidimus,

113 3229 265 3310 distingui
279 3229 424 3307 possunt:

154 3325 233 3387 Aliae
261 3323 407 3381 dicuntur
429 3314 623 3398 paenitentiae,
641 3331 710 3394 qua
737 3313 853 3375 directe
879 3313 919 3374 ad
942 3331 1047 3374 emen·

113 3419 277 3482 dationem
299 3414 344 3474 rei
362 3413 411 3473 vel
428 3411 466 3470 ad
490 3409 698 3488 expiationem
711 3407 814 3466 delicti
841 3405 1044 3478 ordinantur3

154 3511 233 3576 Aliae
246 3524 374 3570 camurae
384 3505 423 3566 ad
435 3501 686 3564 labefactandam
697 3496 925 3560 contumaciam
937 3517 945 3567 ;

224 3629 289 3675 ron.
310 3630 328 3670 ι.
925 3604 941 3658 ὃ
