2540 4132
222 352 281 414 111
430 365 661 414 marran-riorus
679 365 765 412 runa
784 363 939 412 macaron

221 512 326 572 torum
354 507 464 572 Felicis
488 512 519 572 et
538 507 671 570 Nabaris
688 507 894 570 Bononiensis
917 507 970 568 uhi
996 506 1054 568 diu
1073 524 1153 568 oom-

220 604 360 664 moratns
375 605 432 679 est,
445 602 617 664 canonibus
632 601 779 662 Ecclesiae
789 604 856 662 tum
869 599 1081 680 inquirendis,
1091 603 1153 661 tum

221 695 423 772 illustrandis,
433 698 534 756 totum
549 715 583 756 se
593 694 727 758 dederit.

262 789 326 852 Sed
341 807 413 852 cum
433 789 563 850 vidisset
574 807 723 868 magnam
740 805 873 866 regnare
895 786 1153 848 incohaerentiam

222 886 254 944 ot
277 881 502 943 dissonantiam
527 882 608 944 iuter
632 883 838 942 monumenta
851 879 930 960 juris
951 879 1153 944 ecclesiastici

222 995 294 1056 quae
307 975 492 1054 prostabant
507 975 539 1035 iu
554 975 762 1036 anterioribus
775 971 1025 1050 collectionibus
1034 991 1153 1050 necpcr

222 1069 308 1130 illam
318 1071 443 1130 aetatem
455 1087 493 1128 ea
500 1067 632 1147 polleret
642 1067 752 1128 critica
761 1069 958 1146 quaposscnt
970 1065 1154 1144 apocrypha

221 1182 241 1223 a
254 1161 408 1240 genuinis,
422 1161 545 1240 integra
563 1161 603 1222 ab
616 1159 811 1239 interpolatis
822 1161 1030 1220 monumenta
1045 1157 1150 1219 distin·
1244 1181 1245 1238 1

221 1255 292 1334 gui,
318 1254 421 1332 operis
443 1255 491 1316 sui
517 1272 585 1316 essa
608 1253 696 1316 duxit
717 1256 752 1316 ut
779 1271 837 1332 pro
858 1271 896 1312 ea
915 1269 979 1332 qna
993 1251 1153 1330 gaudebat

222 1347 339 1428 ingenii
367 1347 551 1424 subtilitate,
583 1345 730 1408 adhibitis
752 1345 940 1426 quibusdam
960 1344 1153 1421 scholasticis
1244 1343 1245 1406 ἶ

221 1441 482 1516 distinctionibus,
500 1439 606 1500 omnia
618 1459 688 1519 quae
700 1440 782 1502 iuter
795 1458 829 1500 se
846 1457 988 1518 pugnare
1002 1439 1152 1500 videban-
1244 1433 1245 1438 ’

221 1538 283 1612 tur,
296 1534 389 1595 simul
404 1533 593 1596 conciliaret.
611 1533 667 1595 Gui
679 1533 764 1612 operi
775 1551 905 1594 manum
916 1531 1060 1594 admovit
1073 1532 1152 1594 eirca

222 1631 340 1688 annum
351 1630 439 1703 alar,
453 1630 574 1704 etopus
590 1626 779 1702 absolutum,
791 1628 825 1686 ut
836 1625 946 1701 fertur,
959 1643 1043 1686 anuo
1066 1627 1150 1701 1151,

221 1719 362 1798 vulgavit
385 1719 443 1778 sub
471 1719 589 1780 titulo:
616 1717 831 1780 Concordooto'o
854 1717 1085 1778 discordantiam
1108 1738 1152 1778 eo·
1244 1711 1245 1790 1

220 1830 337 1872 nonum.

261 1906 299 1964 ll.
323 1904 470 1965 lamvero
483 1903 543 1964 hoc
563 1923 652 1985 apua,
671 1905 756 1986 quod
770 1905 884 1966 deinde
898 1903 1046 1966 usuvenit
1066 1905 1148 1967 dici:

221 1997 378 2058 Decretum
391 1993 649 2070 dertonensibus
664 2001 787 2060 constat
802 1998 955 2077 partibus
972 2015 1108 2078 quarum
1121 1999 1151 2060 iu

221 2091 323 2171 prima
341 2089 425 2151 visus
451 2093 498 2150 est
526 2094 635 2153 auctor
662 2111 756 2172 agera
784 2092 863 2152 velle
887 2092 1087 2173 potissimum
1114 2093 1150 2154 de

213 2183 335 2266 jarites
356 2191 385 2246 et
409 2183 512 2264 officiis
535 2185 722 2261 elericorum,
743 2185 774 2245 in
797 2185 950 2263 secunda,
973 2185 1013 2246 de
1027 2185 1151 2266 judiciis

221 2278 435 2352 ecclesiastem·
458 2277 490 2337 in
504 2277 598 2340 tertia
617 2280 734 2356 autem,
753 2278 897 2339 derebus
911 2297 968 2339 seu
987 2278 1026 2339 de
1047 2280 1151 2340 ritibus

138 2439 139 2442 Ἴ
220 2371 330 2445 soerte,·
345 2374 513 2450 propterea
527 2386 598 2432 eam
613 2370 739 2432 vocavit
755 2392 762 2433 ι
782 2371 827 2432 De
840 2369 1071 2434 assecretem.
1094 2405 1096 2410 v

262 2463 324 2524 Sed
338 2481 396 2524 nec
406 2463 527 2524 ratione
541 2464 681 2525 materiae
693 2483 751 2525 nec
764 2449 885 2526 ratione
896 2465 1037 2526 methodi
1056 2485 1150 2528 unum

222 2555 365 2618 ordinem
379 2573 503 2634 semper
517 2557 667 2630 servarit;
684 2557 787 2635 prouti
803 2558 888 2618 anim
905 2558 948 2618 illi
963 2559 1055 2620 facile
1073 2563 1151 2620 esset
1244 2577 1245 2634 ξ

222 2651 261 2712 de
286 2669 349 2710 una
372 2649 404 2710 in
429 2648 523 2710 aliam
547 2650 724 2728 materiam,
751 2650 861 2712 ordine
883 2651 1029 2731 abrupto,
1047 2653 1150 2714 statim
1244 2645 1245 2688 t

220 2743 425 2819 transvolare,
443 2742 487 2804 ita
502 2761 560 2803 nec
578 2743 763 2804 methodum
782 2745 949 2824 analogum
964 2747 1103 2807 servavit
1120 2746 1150 2806 in

221 2835 366 2896 omnibus
378 2836 519 2913 partibus
529 2833 576 2896 sui
597 2835 710 2914 operis.
728 2839 807 2897 Nam
817 2837 952 2916 primam
966 2842 997 2899 et
1009 2839 1150 2900 ultimam
1244 2827 1245 2922 1

220 2932 343 3006 partem
362 2927 467 2990 divisit
480 2947 537 3007 per
547 2927 745 2990 distinctiones
758 2931 854 2992 veluti
865 2931 897 2990 iu
911 2934 959 2992 tot
973 2933 1088 3012 capita.

166 3027 168 3032 '
260 3021 366 3083 Prima
395 3040 468 3100 pars
506 3025 559 3083 101
596 3022 734 3084 continet
767 3023 1005 3100 distinctiones;
1042 3027 1151 3088 ultimo

221 3115 370 3198 quinque,
393 3115 558 3194 inquibus
582 3119 692 3176 auctor
714 3119 917 3197 praeceptoris
938 3120 979 3180 ad
998 3119 1098 3184 instar
1113 3123 1149 3182 da

220 3229 283 3272 una
291 3209 331 3270 ad
339 3209 444 3286 aliam,
453 3209 491 3268 de
500 3227 562 3270 uno
574 3209 614 3269 ad
627 3207 712 3270 aliud
724 3213 818 3290 caput
826 3213 983 3291 gradatim
992 3214 1146 3277 discurrit.

260 3303 439 3366 Secundam
450 3320 524 3364 vero
534 3304 656 3380 partem
665 3321 729 3364 non
740 3303 846 3366 divisit
855 3324 912 3384 per
923 3306 1148 3384 distinctiones,

219 3399 274 3460 sed
289 3415 454 3477 percenses
469 3414 475 3455 :
493 3397 616 3456 constat
635 3395 719 3456 enim
733 3399 770 3458 37
787 3399 899 3461 causis.
918 3401 953 3462 ln
973 3419 1022 3477 aa,
1037 3400 1152 3462 immu-

219 3495 285 3551 tata
308 3489 469 3564 methodo,
494 3506 557 3548 non
577 3487 710 3565 amplius
737 3494 772 3552 ut
791 3496 967 3572 praeoeptor
989 3494 1068 3572 agit,
1096 3495 1150 3556 sed

220 3581 323 3656 potius
349 3583 386 3641 ut
409 3579 553 3640 casuista.
578 3579 741 3656 Proposito
766 3583 849 3646 enim
876 3603 964 3662 casu,
980 3587 1147 3650 materiam
