2502 4130
354 389 392 438 nn
414 362 645 442 1111111111
667 395 822 443 1111111111.
994 379 1054 442 339

120 541 223 612 Quare
245 537 278 598 in
301 537 432 600 concilio
460 539 627 601 Viennensi
654 539 704 602 hic
727 538 969 603 ordomilitaris
987 539 1056 602 Cle-

118 632 233 693 mentis
248 633 274 693 V
290 631 475 694 auctoritate
489 633 623 695 abolitus
634 637 691 696 est.

160 726 227 786 XV.
250 723 444 802 'templarios
458 726 558 788 secuti
571 730 644 788 sunt
665 727 775 808 equites
796 725 963 799 Teutonici,
978 743 1055 806 quo·

119 837 193 880 rum
206 817 359 878 institutio
373 818 498 880 videtur
509 819 675 880 referenda
689 819 728 880 ad
744 822 832 898 1190,
846 819 878 880 11
893 819 1055 881 obsidione

119 909 334 973 ptolemaidis.
352 912 430 972 Cum
442 912 582 973 nonnulli
592 913 634 992 pii
649 913 793 975 Germani
809 929 938 992 operam
951 912 1055 992 singu·

120 1005 222 1064 larem
235 1003 394 1064 dedissent
403 1004 436 1063 in
448 1003 636 1084 adjuvandis
648 1005 798 1066 militibus
809 1004 934 1085 aegrotis
946 1009 978 1066 11
989 1005 1056 1066 vul·

121 1095 256 1172 noratis,
275 1114 327 1156 111
346 1096 414 1157 haec
433 1097 513 1158 adeo
528 1098 646 1176 placuit
664 1099 858 1178 principibus
878 1097 1054 1160 Germania

123 1189 176 1268 qui
195 1192 270 1250 tunc
290 1193 461 1267 praesentes
481 1189 627 1267 aderant,
645 1197 693 1268 ut,
716 1191 879 1252 occasione
894 1193 1052 1269 suscepta,

122 1281 265 1342 ordinem
295 1281 487 1360 peculiarem
517 1282 635 1344 institui
665 1283 894 1344 desiderarunt.
921 1283 980 1355 Qui
1010 1282 1054 1343 sic

121 1373 292 1450 institutus,
301 1374 360 1435 fuit
369 1393 451 1435 anno
462 1377 535 1436 1191
549 1375 734 1438 auctoritate
750 1375 905 1438 Caelestini
914 1377 964 1436 llli
980 1379 1063 1436 con-‘

121 1467 275 1527 firmatus.
297 1467 337 1527 Et
355 1485 427 1527 cum
444 1466 624 1547 hujusmodi
644 1469 782 1548 equites,
804 1477 861 1548 pro
876 1469 969 1548 genio
993 1485 1055 1530 11-

118 1562 260 1620 terarum
286 1559 515 1621 institutionum
540 1560 739 1639 militarium,
771 1565 803 1623 et
834 1561 892 1640 ipsi
921 1559 1053 1640 professi

121 1651 237 1712 fuerint
254 1651 398 1713 militiam
425 1671 481 1730 pro
509 1656 602 1714 11111
628 1658 796 1716 1111111111
820 1654 980 1734 religionis
999 1652 1055 1714 de-

121 1743 279 1820 fensione,
306 1744 378 1804 inde
405 1745 554 1824 estquod
573 1750 725 1826 tanquam
738 1747 882 1808 militaris
904 1747 980 1809 ordo
1000 1747 1054 1808 ha-

121 1837 205 1898 bitus
224 1841 280 1898 est.
303 1838 362 1910 Qui
384 1856 540 1898 summam
552 1837 610 1899 sibi
623 1839 750 1900 laudem
765 1840 969 1918 comparavit,
987 1843 1018 1901 et
1037 1858 1054 1899 1

120 1929 288 1991 Palaestina
316 1931 368 1991 ubi
386 1936 490 1992 ortum
514 1930 639 2009 habuit,
663 1931 694 1990 in
716 1932 794 1993 alias
816 1933 963 2012 regiones
985 1951 1054 1993 sese

121 2022 255 2084 diffudit.

162 2115 225 2176 Sed
251 2134 333 2192 oum,
361 2116 486 2178 favente
507 2115 675 2176 schismate
698 2115 883 2201 lutherano,
907 2115 1055 2178 Albartus

119 2208 422 2288 Brandeburgensis,
440 2227 512 2268 oum
522 2208 665 2286 pluribus
675 2207 818 2288 ejusdem
830 2207 948 2269 ordinis
967 2209 1063 2289 equi:

118 2300 214 2376 tibus,
232 2299 326 2362 iidem
340 2301 526 2362 catholicam
542 2300 759 2382 abjuravisset,
777 2300 850 2362 hinc
862 2304 910 2363 est
922 2301 1007 2381 quod
1023 2304 1055 2364 11

117 2393 186 2472 ipse
201 2393 278 2454 ordo
294 2394 420 2456 corruit.

159 2488 240 2548 XVI.
265 2485 387 2548 Ordines
401 2487 638 2568 Redemptornni.
656 2486 746 2560 Quod
763 2487 889 2550 ordines
903 2487 1054 2550 militares
1127 2561 1133 2574 Ι

118 2579 216 2641 armis
230 2580 472 2658 contendebant,
490 2581 542 2641 alii
556 2581 681 2642 ordines
692 2580 846 2642 curabant
860 2581 929 2640 aliis
943 2580 1055 2642 mediis

119 2690 301 2752 procurare.
315 2673 367 2736 Sic
380 2677 411 2735 et
423 2673 549 2735 ordines
561 2671 780 2752 Redemptionis
793 2673 986 2752 captiuorum,
1001 2671 1054 2751 qui

118 2768 155 2826 ut
168 2765 331 2828 christiani
341 2766 392 2847 qui
409 2767 467 2827 sub
482 2765 657 2834 infidelium
667 2764 847 2844 captivitate
863 2764 1052 2843 ceciderant,

119 2857 292 2920 christiana
305 2859 434 2920 caritate
449 2859 695 2934 redimerentur,
713 2861 744 2918 et
758 2857 802 2918 sic
817 2858 959 2937 exemplo
975 2859 1055 2919 cari-

116 2951 191 3012 tatis
206 2951 383 3014 ehristianae
399 2955 508 3013 Turcae
522 2955 801 3028 mansuescerent,
819 2950 952 3013 instituti
968 2955 1050 3013 sunt.

118 3045 187 3104 Duo
213 3044 340 3106 fuerunt
363 3043 513 3124 praecipui
526 3044 569 3120 4111
592 3043 717 3104 ordines
740 3045 843 3106 :ordo
866 3045 1055 3106 sanctissimae
1175 3059 1178 3065 '

121 3136 279 3197 Trinitatis
292 3141 323 3199 et
338 3137 415 3200 ordo
430 3144 540 3199 sonctoe
554 3135 662 3198 Murice
672 3136 707 3196 de
721 3136 864 3200 Mercede.

135 3267 137 3270 -
160 3229 283 3290 Primus
299 3231 358 3292 init
371 3229 531 3292 inst'tutus
551 3248 569 3289 a
586 3229 700 3291 sanctis
715 3231 836 3292 Jeanne
851 3231 890 3292 de
902 3231 1009 3292 Mathe
1023 3235 1055 3294 et

119 3321 222 3382 Felice
241 3324 384 3401 Valesio,
406 3323 496 3402 gallis
516 3309 714 3383 anachoretis
730 3323 847 3403 (1198),
865 3327 896 3384 11
908 3323 948 3384 ab
961 3325 1054 3385 Inno-

117 3415 221 3476 centio
236 3416 402 3497 111⁰(1209)
417 3417 629 3478 confirmatus.
649 3415 768 3477 Dicitur
783 3415 851 3476 haeo
870 3416 990 3477 familia
1001 3436 1053 3478 re-

118 3505 238 3586 gularis
259 3507 466 3590 Ceroisripidi,
479 3527 498 3569 a
511 3509 580 3570 loco
595 3507 649 3568 ubi
664 3507 801 3586 primum
815 3508 926 3570 hebuit
949 3528 1053 3572 coeno·

118 3597 218 3661 bium.
244 3601 360 3664 Habuit
384 3603 553 3682 quamdam
581 3599 748 3680 specialem
775 3603 1052 3683 congregationem
