2588 4124
197 311 261 384 24⁶
409 319 640 372 maururronus
659 321 743 368 rums
763 320 918 378 cmonrcr.

242 467 306 539 Sed
332 465 514 546 aliquando,
544 465 721 544 petentibus
746 465 820 544 ipsis
848 465 1022 544 episcopis,
1053 467 1136 538 solet

203 565 362 636 Romanus
376 558 518 622 Pontifex
533 575 571 620 ca
586 560 772 620 confirmare
786 575 843 638 pro
857 557 911 618 illa
927 557 1047 622 scilicet
1060 578 1134 640 pro·

201 653 305 714 vincia
318 653 369 714 vel
381 651 507 714 natione
524 669 619 731 quam
633 653 786 730 spectant.

241 746 321 810 v111.
344 743 399 806 His
412 743 531 824 positis,
547 742 744 824 metropole
757 742 989 806 deveniendum
1003 747 1050 806 est
1061 763 1134 825 quae

199 839 274 920 poni
295 840 426 918 possunt
447 854 504 917 pro
528 836 767 900 determinanda
790 836 904 898 horum
926 836 1133 916 collegiorum

201 931 397 998 auctoritate.

157 1061 159 1066 ·
242 1028 274 1088 1⁰
294 1023 431 1103 Collegia
473 1039 543 1104 quae
581 1022 699 1086 hebent
720 1023 753 1084 iu
776 1022 916 1084 Ecclesia
943 1025 1133 1102 potestatem

200 1117 420 1197 legislativam,
435 1135 490 1178 seu
504 1116 695 1196 pastoralem
705 1115 967 1195 jurisdictionem,
981 1117 1054 1176 sunt
1068 1115 1135 1178 col-

199 1210 284 1290 legia
297 1208 664 1288 omniumepiscoporum
677 1208 736 1270 sub
751 1211 890 1270 Romano
903 1207 1132 1286 Pontifice,pr0

201 1303 342 1371 Ecclesia
371 1303 533 1377 universa;
560 1302 701 1364 omnium
727 1301 946 1380 episcoporum
971 1301 1060 1380 regni
1080 1302 1133 1362 vel

202 1395 372 1476 provincia
383 1414 456 1456 cum
468 1394 649 1475 patriarcha
660 1395 710 1456 vel
721 1393 933 1474 metropolita;
949 1393 1133 1455 etomnium

201 1487 387 1550 clericorum
397 1487 541 1549 dioecesis
555 1487 613 1548 suh
624 1487 770 1566 episcopo
786 1486 976 1548 dioecesano.

240 1584 272 1642 2⁰
293 1582 381 1642 Hanc
396 1579 615 1642 auctoritatem
625 1579 741 1659 duplici
755 1578 1004 1656 exerceripotesl
1015 1580 1131 1642 modo:

201 1671 404 1736 habitualiter
429 1675 461 1734 ct
486 1672 654 1750 ordinarie,
683 1690 781 1752 quum
806 1690 919 1750 nempe
946 1671 1084 1752 episcopi
1100 1673 1135 1733 in

201 1765 265 1828 suis
288 1763 474 1826 dioeoesibus
504 1764 647 1844 dispersi,
670 1765 797 1844 suisque
819 1763 1037 1826 incumbentes
1065 1764 1134 1826 offi-

201 1858 267 1936 ciis,
284 1861 405 1919 retento
419 1857 621 1938 subjectionis
640 1857 775 1934 viuculo,
796 1875 869 1918 cum
881 1875 943 1917 una
961 1857 1135 1936 superioris

201 1952 362 2016 voluntate
386 1950 587 2030 colligantur3
609 1950 787 2027 actualiter,
817 1968 914 2030 quum
941 1951 1137 2012 conveniunt

200 2046 233 2108 in
246 2045 403 2123 synodum
414 2043 595 2123 generalem
607 2043 656 2104 vel
670 2042 903 2122 particularem,
919 2045 980 2104 etc,

240 2140 271 2200 3ο
294 2140 413 2200 Natura
434 2135 627 2198 auctoritatis
646 2135 695 2196 his
717 2135 854 2214 collegiis
879 2138 1062 2214 competens
1086 2140 1136 2198 est

201 2249 277 2292 vere
290 2231 459 2292 auctoritas
474 2228 650 2308 pastoralis,
669 2225 854 2306 legislativa.
873 2230 1050 2307 Eapropter
1068 2247 1134 2289 res

184 2311 323 2402 'pontive
338 2323 435 2384 habet
454 2321 559 2383 omnia
579 2320 730 2383 attributa
746 2339 902 2400 supremas
923 2321 1133 2399 auctoritatis,

200 2418 268 2477 tum
284 2415 387 2493 quoad
404 2414 576 2476 Ecclesiam
594 2414 813 2491 universalem,
831 2417 900 2476 tum
916 2414 1022 2494 quoad
1036 2415 1135 2494 parti-

202 2507 351 2584 cularem,
388 2510 447 2568 etc.
482 2509 656 2586 Eaprcpter
691 2507 787 2570 habet
821 2509 1009 2586 potestatem
1045 2508 1134 2588 leges

200 2599 332 2678 ferendi,
360 2591 553 2682 judicialem,
582 2599 796 2676 coercitivam,
825 2599 1130 2677 administrativam,

201 2712 263 2756 uno
287 2694 394 2770 verbo,
420 2693 526 2756 omnia
548 2693 699 2756 attributa
720 2691 935 2772 gubernativae
951 2693 1133 2772 pastoralis-

201 2805 262 2865 que
277 2786 482 2848 auctoritatis

238 2878 272 2938 4⁰
287 2880 361 2938 Haec
375 2881 481 2939 autem
495 2879 662 2940 auctoritas
672 2897 736 2940 non
748 2896 786 2939 ex
798 2878 909 2940 eodem
921 2879 1006 2940 fonte
1016 2879 1051 2940 iu
1063 2878 1133 2939 hac

201 2971 332 3050 collegia
375 2971 544 3034 derivatur.
591 2971 728 3050 Gollegia
766 2971 849 3032 enim
885 2971 979 3049 primi
1012 2971 1132 3050 gradm

200 3066 317 3128 habent
344 3065 535 3144 originaria,
562 3064 592 3125 vi
620 3063 734 3125 divina
766 3063 879 3126 (lhristi
903 3064 1127 3136 institutionis3

199 3158 356 3221 secundus
369 3158 497 3237 gradus,
512 3175 550 3217 ex
563 3161 629 3219 toto
644 3157 821 3236 delegatam
834 3157 874 3218 de
885 3155 957 3236 jure
969 3157 1131 3226 ecclesiae

198 3253 272 3328 tico,
289 3269 352 3313 non
367 3269 456 3311 secus
472 3268 508 3310 ao
521 3250 696 3329 delegatam
705 3249 801 3312 habet
810 3249 999 3328 patriarcha,
1012 3249 1129 3328 primas

198 3345 249 3406 vel
276 3343 476 3422 metropolita
498 3343 552 3422 qui
577 3343 625 3404 his
649 3343 796 3420 prasidet
822 3341 970 3420 collegiis.
997 3343 1129 3404 Demum

198 3436 299 3496 infimi
323 3436 441 3514 gradus
466 3435 614 3514 collegia,
642 3434 674 3495 id
698 3437 759 3511 est,
785 3434 975 3510 dioecesana,
997 3434 1037 3494 de
1058 3433 1129 3514 jure

200 3526 306 3598 divino
338 3527 611 3590 indeterminatam
646 3527 782 3603 habent,
808 3529 963 3606 quatenus
989 3526 1029 3588 dc
1058 3526 1129 3606 jura
