2542 4122
220 337 279 398 256
451 351 678 398 msrrrumouns
699 349 782 398 rums
803 349 958 398 cuuorrcr.

261 493 522 576 Quandoquidem
534 495 701 575 collegium
725 497 758 558 S.
774 497 810 556 lt.
825 496 861 556 ll.
876 497 933 557 (iti.
947 495 1059 556 locum
1073 497 1173 557 tenet

222 591 329 650 Romae
351 588 478 668 capituli
504 588 692 650 cathedralis
705 588 839 650 aliarum
863 587 1056 666 dioeceseou,
1072 589 1173 650 nulla

221 681 375 743 dubitatio
391 685 438 743 ast
451 681 527 762 quin
542 681 582 743 sit
598 684 706 743 Romae
722 683 849 742 senatus
862 680 1040 742 ordinarius
1064 684 1170 744 Rom.

221 774 390 852 Pontificis,
406 775 497 836 sicuti
516 774 653 854 capitula
666 773 874 854 singularium
889 773 1074 836 dioeceseon
1089 780 1173 836 sunt

221 871 348 929 serimus
366 867 561 945 singulorum
582 866 812 945 episcoporum.
829 867 868 927 llt
888 866 999 927 eadem
1022 885 1172 946 propor-

221 961 306 1022 tione
334 979 397 1040 qua
423 959 559 1038 dignitas
583 963 615 1020 et
636 958 807 1024 auctoritas
828 957 987 1020 cathedra
1013 977 1170 1021 romanae
1207 1015 1213 1026 .

221 1057 336 1133 praeest
347 1052 500 1115 universis
516 1051 643 1112 sedibus
658 1051 903 1131 episcopalibuS,
925 1051 969 1113 ita
983 1051 1045 1113 hoo
1060 1053 1169 1114 colle-

220 1145 308 1226 gium
327 1149 455 1224 praestat
475 1144 627 1223 dignitate
650 1147 682 1205 et
707 1144 894 1205 anctoritate
916 1143 1064 1206 omnihus
1089 1146 1166 1207 aliis

222 1239 360 1319 collegiis
374 1237 549 1314 senatoriis,
563 1237 718 1317 siquidem
733 1240 809 1298 esta
823 1237 959 1299 consiliis
973 1237 1056 1298 illius
1071 1239 1166 1300 sedis

221 1331 271 1392 vel
284 1331 366 1392 illius
380 1330 525 1392 antistitis
535 1330 585 1390 oui
599 1347 664 1391 nou
677 1348 741 1390 una
755 1333 811 1390 aut
823 1331 982 1402 nonnulla
995 1331 1162 1410 ecelesiae,

221 1423 277 1483 sed
290 1422 475 1484 universalis
486 1421 653 1484 commissa
664 1426 711 1483 cst
724 1421 873 1484 Ecclesia.

260 1515 435 1594 Eupropter
458 1514 498 1575 ab
519 1514 645 1576 illorum
677 1513 805 1576 consilio
832 1517 863 1575 et
893 1517 967 1576 voto
992 1515 1164 1595 dependet

221 1607 453 1688 quodammodo
461 1607 688 1670 administratio
699 1606 1051 1670 universalisllcclesia.
1062 1611 1162 1673 Unde

221 1700 372 1779 pressiori
401 1719 495 1761 sensu
519 1699 595 1762 dieti
621 1703 694 1761 sunt
713 1700 899 1778 cardinales,
929 1700 1003 1780 quia
1018 1701 1162 1764 vicinius

220 1792 383 1854 adhaerent
406 1793 526 1854 cardini
554 1792 740 1854 universalis
770 1793 929 1871 Ecclesia,
962 1797 997 1855 ut
1027 1794 1163 1858 dicebat

219 1888 282 1947 Leo
295 1887 337 1946 lX
351 1885 384 1946 iu
407 1886 546 1966 Epistola
569 1889 584 1948 l
600 1885 697 1966 (apud
711 1885 900 1965 Lahbeum);
922 1886 973 1948 vel
986 1887 1064 1967 quia
1081 1894 1162 1952 snut
1261 1951 1262 1956 ,

220 1978 363 2042 cardines
391 1979 475 2042 circa
510 1997 588 2059 qnos
611 1979 781 2041 volvuntur
800 1982 900 2058 pomae
923 1980 1089 2059 Ecclesia,
1124 1986 1160 2044 ut

187 2092 191 2099 ·
220 2073 297 2135 dicit
310 2072 478 2134 concilium
489 2071 679 2134 Basileeuse.

260 2166 323 2230 Sed
337 2184 400 2228 nou
415 2166 558 2228 obstante
570 2164 630 2225 hec
644 2183 768 2226 summa
780 2164 861 2226 sacri
877 2165 999 2246 collegii
1011 2169 1161 2230 auctori-

220 2263 295 2334 tate,
310 2259 471 2321 falleretur
484 2257 537 2338 qui
547 2257 691 2319 crederet
704 2261 828 2320 tautum
841 2257 993 2320 influxum
1003 2261 1161 2323 exercere
1260 2293 1261 2296 ¹

220 2369 311 2429 posse
325 2351 500 2414 cardinales
514 2351 546 2412 in
565 2349 698 2429 negotiis
719 2350 785 2412 sive
807 2353 967 2428 Romana,
990 2351 1057 2414 sive
1083 2355 1160 2416 uni-

221 2441 521 2520 rememorasse,
538 2446 690 2522 quantum
715 2446 861 2505 exercent
881 2443 1017 2523 capitula
1043 2446 1161 2508 cethe-

221 2533 356 2596 dralium
370 2535 572 2596 ecclesiarum
583 2535 616 2596 in
631 2535 764 2615 negotiis
777 2536 972 2599 dioecesanis.
986 2540 1067 2599 Nam
1076 2540 1159 2600 sede
1259 2603 1260 2616 q

221 2629 315 2709 plena
328 2627 407 2691 solet
419 2628 547 2708 quidem
562 2631 651 2690 Rom.
666 2628 809 2691 Pontifex
826 2629 859 2690 in
879 2631 1081 2692 mutatorium
1104 2651 1161 2693 ac-

222 2721 285 2782 cire
306 2721 492 2800 cardinales,
508 2721 572 2784 sive
598 2729 738 2782 secretam
759 2721 813 2782 ubi
838 2722 877 2783 de
904 2723 1099 2802 quotidianis
1127 2730 1161 2788 et

222 2814 387 2876 ordinariis
410 2815 554 2895 negotiis,
579 2815 644 2876 sive
659 2814 812 2896 publicum
837 2815 891 2877 ubi
914 2817 954 2877 de
980 2819 1160 2880 extraordi-

222 2906 317 2968 nariis
327 2911 358 2970 ot
371 2909 561 2970 solemnibus
573 2909 707 2989 negotiis
721 2909 922 2971 deliberatur.

263 2999 326 3063 Sed
340 3019 402 3063 non
416 3005 540 3064 tenetur
551 3003 640 3064 Rom.
658 3001 799 3064 Pontifex
813 3002 938 3063 illorum
952 3002 1063 3064 andire
1077 3021 1161 3066 con·
1258 3017 1259 3049 t

222 3093 336 3172 silium,
352 3095 450 3156 multo
465 3094 568 3156 minus
580 3094 706 3156 illorum
719 3098 827 3157 votum
841 3095 940 3175 sequi,
958 3095 1051 3157 sicuti
1069 3099 1160 3176 epis-

222 3207 319 3269 copus
337 3188 463 3250 illorum
476 3187 605 3250 consilio
620 3192 675 3250 aut
693 3192 766 3250 voto
781 3187 966 3268 astringitur
979 3189 1013 3248 iu
1024 3189 1161 3269 gravio-
1257 3183 1258 3234 l

222 3283 308 3345 ribus
330 3281 473 3344 dioecesis
496 3299 561 3342 suae
580 3281 724 3360 nego'q'is.
753 3283 894 3361 Namque
908 3281 1073 3361 episcopua
1098 3283 1159 3364 qui
1257 3303 1258 3332 t

222 3395 260 3436 ex
284 3375 390 3436 divina
417 3373 611 3435 institutione
637 3378 804 3436 natusest
831 3373 984 3452 subditus,
1016 3374 1159 3456 ideoque

222 3467 379 3528 communi
391 3467 456 3546 juri
471 3465 664 3545 astringitur,
686 3467 789 3546 potuit
812 3466 919 3547 ajune
942 3467 1161 3530 ecclesiastico
1256 3521 1257 3536 t

222 3557 362 3637 recipere
382 3558 677 3622 determinationem
694 3578 758 3644 qua
780 3559 952 3642 capitulum
965 3563 1164 3644 temperaret
