2502 4130
374 347 413 394 nn
435 347 565 396 orrsaro
585 348 668 396 sams
691 349 846 398 arnamar.
1019 335 1078 398 309

140 495 259 558 harum
277 515 336 556 usu
355 495 487 556 modum
499 513 643 573 servare,
658 495 785 557 diffieile
802 495 843 558 sit
857 495 953 576 igitur
966 497 1078 558 exinde

139 609 208 652 non
223 607 391 668 exsurgere
406 588 666 668 impedimentum
679 589 764 669 qaod
778 608 922 670 gressum
936 596 1078 652 nostrum

138 685 175 744 in
189 685 285 744 finem
297 683 401 743 valeat
415 682 591 755 retardare;
609 682 672 743 imo
682 681 875 761 impossibile
889 688 935 744 est
948 682 1078 762 quadiu

139 777 257 837 harum
269 793 375 835 rerum
390 793 449 834 usu
464 793 519 835 aar
530 773 665 836 hominis
678 775 904 854 aliquantisper
918 794 981 838 non
1001 776 1079 837 diri-

139 871 248 946 datur,
255 869 300 931 ita
313 871 349 930 ut
367 887 429 929 non
442 867 541 947 possit
552 871 619 930 tota
633 867 729 928 animi
742 867 922 932 intensitate
937 870 967 931 in
982 871 1078 932 finem

140 981 238 1025 suum
252 980 435 1041 properare.

149 1092 153 1096 -
185 1059 287 1129 Quare
301 1055 377 1116 satis
392 1073 454 1116 non
469 1053 528 1116 fuit
542 1053 664 1117 Christo
679 1053 753 1115 huie
762 1054 875 1135 triplici
890 1056 965 1119 vitio
980 1056 1077 1135 tripli-

142 1167 214 1210 oem
233 1166 391 1227 opponere
414 1147 633 1224 vi1·tutem,ut
654 1147 796 1208 ordinem
817 1167 1016 1210 servaremus
1037 1149 1078 1210 ad

140 1242 254 1316 finem;
269 1241 324 1302 sed
336 1241 464 1302 consilia
479 1239 610 1316 addidit,
618 1240 732 1320 quibus
747 1259 804 1302 nos
818 1241 851 1301 in
866 1242 932 1302 dies
945 1242 1078 1320 profice-

142 1354 260 1396 remus.
288 1337 460 1414 Postquam
484 1333 666 1394 hominibus
691 1335 855 1412 proposuit
879 1321 1078 1396 ind'efinitum

94 1483 96 1487 .
143 1428 306 1508 exemplar
328 1425 551 1506 progrediendi
576 1426 617 1487 ad
637 1425 819 1488 ulteriorem
833 1428 1074 1507 perfectionem,

144 1522 278 1583 dicendo
296 1541 303 1582 :
318 1519 422 1582 Estote
430 1519 564 1600 perfecti
577 1519 653 1580 sieut
667 1517 762 1579 Pater
778 1539 857 1581 mera
875 1521 996 1582 caelestes
1004 1541 1078 1601 per-
1097 1509 1101 1516 ’
1130 1577 1133 1584 .

142 1615 238 1695 sertas
260 1622 313 1692 est,
337 1613 400 1674 tria
415 1612 537 1674 addidit
555 1611 704 1674 consilia:
721 1613 888 1675 voluntarii
911 1614 1075 1692 solidatus,

143 1707 328 1769 voluntaria
347 1705 551 1787 paupertatis,
576 1705 762 1768 voluntaria
784 1705 955 1770 obedientia
978 1711 1009 1770 et
1023 1709 1077 1771 ab·

143 1801 330 1881 negationis,
341 1800 385 1862 ita
395 1807 430 1861 ut
438 1799 586 1861 materies
597 1799 745 1878 quaelibet
756 1800 1010 1864 substraheretur
1021 1802 1077 1864 tri-

142 1894 203 1956 bus
218 1893 309 1956 dietis
322 1893 424 1971 vitiis,
440 1895 471 1955 et
487 1896 551 1955 tres
566 1892 717 1971 oppositae
741 1892 873 1955 virtutes
888 1895 1076 1972 completam

143 1987 261 2050 habere
273 1989 401 2068 possent
416 1985 638 2048 evolutionem.

183 2081 234 2143 Sia
255 2081 331 2141 dum
354 2081 531 2160 quererent
543 2077 675 2158 apostoli
692 2078 736 2159 (S.
753 2077 864 2141 Matth.
881 2077 930 2156 19)
951 2078 990 2138 de
1006 2095 1076 2157 pro-

141 2175 244 2254 posita
257 2174 459 2254 monogamia
470 2171 704 2249 matrimoniali,
722 2171 896 2252 stringebat
910 2171 1052 2233 Christus
1066 2192 1073 2235 :

140 2267 221 2329 Suat
240 2267 366 2329 eoaaelzi
382 2267 436 2348 qai
454 2266 560 2347 seipsos
582 2273 784 2328 castraverunt
797 2273 926 2345 propter
951 2283 1074 2345 regnam

139 2361 286 2423 caelorum.
298 2359 461 2442 Ouipotest
473 2378 585 2441 capere,
602 2359 711 2440 rapiat.
719 2361 798 2421 Item
812 2359 931 2422 ibidem
947 2359 1074 2423 dieebat

136 2452 248 2535 juveni
272 2454 325 2534 qui
344 2453 495 2528 mandata
519 2457 644 2514 secutus
667 2452 770 2515 fuerat
798 2453 837 2514 ab
861 2453 1073 2515 adolescentia

139 2565 217 2609 sua:
235 2547 275 2608 Si
286 2547 329 2608 oa‘s
340 2547 490 2628 perfectos
504 2565 571 2623 esse,
591 2545 674 2622 vade,
695 2545 785 2608 vende
803 2565 869 2626 qaoe
889 2546 975 2608 tabes
991 2554 1021 2606 et
1034 2547 1073 2607 da

135 2639 333 2721 pauperibus·
355 2641 431 2717 oeni,
452 2658 569 2720 sequere
587 2659 641 2701 me.
665 2641 704 2700 nt
727 2641 759 2701 S.
785 2638 895 2700 Matth.
921 2641 959 2699 ld
983 2659 990 2699 :
1016 2637 1075 2712 Oai

136 2734 202 2797 vult
215 2734 313 2794 venire
319 2741 389 2814 post
402 2752 458 2811 me,
475 2733 597 2813 obrepet
610 2733 805 2813 semetipsam.
820 2731 918 2812 Igitur
929 2732 990 2794 tria
999 2749 1071 2794 eon·

136 2827 208 2888 silia
219 2825 379 2906 discipulis
394 2827 458 2887 suis
473 2827 635 2906 sequenda
646 2825 821 2906 proposuit.

177 2920 232 2980 His
257 2919 356 2981 tribus
383 2919 551 2998 propositis
581 2919 737 2996 consiliis,
766 2919 878 3000 quibas
903 2919 1070 3000 sequendis

109 3073 112 3078 e
136 3012 298 3092 obligabat
311 3013 481 3090 neminem,
498 3013 635 3074 vocabat
650 3031 775 3090 omnes,
792 3031 988 3093 consequens
1002 3015 1071 3076 erat

134 3109 170 3168 ut
183 3107 318 3186 gratiam
332 3107 363 3166 in
378 3105 522 3167 homines
535 3105 725 3168 diffunderet
740 3125 802 3186 qua
822 3107 896 3168 huia
910 3106 1068 3169 vocationi

133 3200 326 3278 respondere
341 3203 480 3280 possent.

175 3291 237 3354 Sed
261 3292 438 3354 donationis
452 3291 508 3352 Dei
524 3297 555 3352 et
570 3292 680 3371 gratiae
704 3293 815 3353 eadem
835 3309 986 3352 mensura·
1004 3309 1067 3353 non

135 3375 198 3457 est}
221 3390 252 3448 et
269 3386 348 3448 alius
363 3385 490 3466 quidem
505 3385 623 3446 donum
645 3385 783 3464 aceepit,
805 3385 883 3445 alius
905 3385 1014 3464 plura,
1032 3389 1067 3448 ut

136 3479 213 3541 dicit
235 3481 414 3560 Apostolus.
438 3479 608 3565 Propterea
635 3478 803 3558 aliquando
826 3478 929 3558 gratia
958 3479 1066 3540 termi-

136 3575 230 3638 natur
242 3573 282 3637 ad
297 3574 433 3660 aliquem
450 3576 555 3640 aetum
570 3571 744 3635 seeundum
758 3571 826 3636 haea
840 3571 970 3636 oonsilio
984 3591 1066 3662 prse-
