2540 4132
192 303 251 366 {80
303 297 306 304 ⁴
402 307 735 359 1nsr1runonasrun1s
757 304 913 356 canorum.

191 445 274 508 diate
288 445 379 506 aDco
387 444 563 522 promanat.
574 443 648 502 Haec
661 443 779 518 autem,
794 441 820 502 si
831 436 1012 502 immediate
1023 443 1126 502 trans*

190 538 341 599 fundatur
377 535 417 596 ab
449 534 502 602 illo
533 534 586 612 qui
621 533 825 613 originariam
850 534 977 609 hahet,
1010 533 1127 601 dicitur

191 629 372 709 simpliciter
395 628 540 706 delegata
558 625 625 688 sine
646 627 709 688 ullo
725 626 848 699 additc;
873 626 991 687 sivero
1012 625 1125 688 abillo

191 721 403 785 committatur
420 718 473 799 qui
483 718 550 798 jam
562 719 726 797 delegatus
748 722 806 797 ost,
827 722 902 780 tuno
922 718 1040 779 dicitur
1055 718 1125 779 sab-

192 815 254 878 dele
274 822 334 876 ata.

232 835 327 971 qurbi
341 905 454 986 gratia,
469 907 629 966 Romanus
647 904 790 966 Pontifex
807 904 904 966 habet
924 903 1126 983 originariam

193 1003 381 1082 potestatem
392 1015 488 1076 super
503 1015 629 1058 omnem
641 997 825 1074 Ecclesiam,
841 996 1127 1076 siquidemdivini-

192 1099 242 1156 tus
258 1093 299 1154 ad
316 1091 377 1152 hoc
391 1089 551 1150 institutus
573 1093 620 1150 est
635 1107 800 1167 supremus
815 1089 847 1148 in
861 1088 1003 1149 Ecclesia
1014 1088 1126 1167 princi·

193 1189 294 1265 patus
311 1185 447 1262 Legatos
469 1181 658 1260 apostolicus
675 1181 854 1260 delegatam
873 1181 971 1242 hahet
989 1184 1127 1259 potesta-

192 1284 257 1340 tem
270 1296 289 1337 a
304 1275 464 1352 Pontifice,
486 1292 581 1354 aquo
604 1273 671 1352 ipse
686 1273 830 1335 mittitur.
853 1273 885 1335 Si
908 1291 985 1335 vero
1004 1274 1126 1352 legatus

194 1371 245 1431 hic
259 1369 348 1430 alteri
363 1367 531 1447 participat
547 1366 675 1444 aliquod
695 1384 760 1427 suae
774 1365 1002 1446 jurisdictionis
1017 1385 1125 1446 geren·

194 1462 270 1522 dum
282 1461 431 1537 officium,
446 1463 521 1521 tuno
533 1459 591 1520 iste
607 1459 721 1520 dicitur
731 1459 966 1538 subdelegatus

233 1560 264 1616 2⁰
276 1553 408 1616 Ratione
419 1551 568 1632 titulique
580 1551 744 1628 habeatur,
749 1551 926 1631 jurisdictio
937 1551 1124 1613 dividiturin

193 1646 375 1708 ordinariam
399 1651 431 1707 et
449 1644 725 1706 extraordinariam.
756 1645 929 1706 Ordinaria·
942 1645 996 1705 illa
1013 1645 1126 1706 dicitur

195 1756 265 1818 quae
285 1757 324 1798 ex
344 1739 429 1816 lege,
447 1755 502 1797 seu
519 1755 557 1797 ex
569 1737 658 1818 jure,
685 1737 827 1799 adhoeret
845 1737 938 1798 alicui
958 1737 1062 1799 officio
1077 1737 1126 1798 vel

195 1829 412 1910 magistratui,
434 1829 484 1889 vel
506 1830 683 1907 praelatura
698 1830 932 1904 ecclesiasticoe3
955 1829 1126 1892 extraordi-

198 1922 286 1984 naria
299 1939 374 1984 vero
383 1922 437 1982 illa
447 1939 517 2002 quae
533 1921 645 2002 injure
660 1942 723 1984 non
738 1923 926 2001 continetur,
939 1923 998 1984 sed
1008 1941 1048 1983 ex
1060 1940 1128 2002 spe-

197 2014 267 2078 ciali
288 2014 458 2094 superioris
479 2014 628 2076 mandato
654 2020 742 2078 extra
760 2016 903 2078 ordinem
926 2015 1020 2078 alicui
1041 2033 1128 2077 oom-

198 2109 341 2173 mittitur.

238 2205 332 2268 Verbi
343 2205 462 2286 gratia,
484 2200 661 2286 jurisdictio
677 2203 911 2284 patriarchalis,
929 2201 1128 2284 primatialis,

198 2300 449 2378 metropolitana,
463 2298 622 2360 ordinaria
635 2301 692 2376 est,
705 2299 779 2378 quia
792 2299 921 2380 dejure,
936 2317 992 2360 seu
1001 2297 1129 2376 exlege,

199 2391 348 2468 competit
357 2392 449 2452 alioui
468 2391 570 2452 stabili
586 2391 768 2470 dignitario,
782 2411 837 2453 seu
849 2390 1058 2472 magistratui,
1076 2386 1131 2468 qui

163 2535 166 2542 .
200 2481 389 2559 patriarcha,
406 2483 538 2560 primas,
553 2484 807 2564 archiepiscopus
819 2487 1032 2564 nuncupatur.

242 2573 274 2636 Si
289 2592 364 2636 vero
386 2578 570 2654 praetereat
585 2580 695 2638 contra
705 2577 758 2657 jus
776 2595 953 2653 commune,
970 2595 1028 2637 seu
1042 2577 1134 2636 extra

201 2668 344 2730 ordinem
357 2667 408 2730 vel
424 2668 567 2747 regulam
582 2687 796 2748 communem,
814 2673 973 2730 Romanus
988 2667 1132 2729 Pontifex
1243 2667 1249 2688 ⁹

201 2761 293 2821 alicui
309 2761 517 2822 committeret
528 2761 667 2841 aliquam
677 2762 927 2842 jurisdictionem
942 2761 974 2821 in
989 2761 1133 2821 Ecclesia

190 2853 419 2929 ,exercendam
432 2853 483 2913 hic
496 2854 744 2915 extraordinaria
759 2855 912 2934 gauderet
922 2857 1088 2933 potestate.

241 2945 308 3006 Huc
327 2949 448 3024 spectat
462 2949 493 3006 et
507 2946 606 3008 altera
624 2947 781 3009 distinctio
796 2948 878 3009 inter
890 2947 1032 3026 judicem
1048 2943 1133 3006 ordi-

201 3036 324 3098 narium
338 3036 456 3098 scilicet
472 3041 503 3100 et
516 3037 705 3118 delegatum.
721 3042 738 3101 J
742 3040 823 3100 ndex
842 3039 1020 3099 ordinarius
1041 3038 1067 3098 is
1085 3040 1134 3097 est

204 3129 257 3211 qui
276 3133 463 3208 potestatem
474 3129 637 3210 judicandi
651 3131 747 3194 habet
764 3132 867 3194 officio
881 3132 932 3193 vel
945 3130 1070 3191 muneri
1086 3129 1132 3188 illi

203 3242 264 3304 quo
276 3222 417 3302 fungitur
426 3241 591 3299 annexam,
605 3223 656 3302 qui
669 3242 782 3302 nempe
793 3223 892 3304 judex
903 3227 951 3285 cst
963 3243 1002 3285 ex
1014 3221 1130 3297 officio,

200 3317 322 3378 ratione
345 3315 519 3395 dignitatis,
537 3315 738 3393 magistratus
765 3316 824 3393 sui,
842 3317 906 3396 qui,
929 3335 991 3378 uno
1013 3313 1137 3390 verbo,

202 3410 299 3488 judex
313 3413 404 3470 natus
421 3408 481 3468 dioi
497 3411 609 3487 potest.
628 3410 743 3471 Contra
757 3428 832 3471 vero
848 3410 947 3490 judex
968 3409 1132 3488 delegatus

203 3501 317 3592 ¹dicitu-r
337 3501 388 3572 ille
408 3501 457 3570 eui
473 3505 561 3562 extra
579 3500 735 3580 ordinem,
760 3522 797 3563 ex
818 3503 967 3566 mandato
982 3499 1129 3584 speciali,
