2518 4144
233 367 272 430 62
446 375 672 428 msrrrorroras
692 377 775 426 runis
797 377 950 426 canonici.

273 527 405 585 Demum
437 520 589 602 processit
618 521 711 584 turba
745 519 1104 601 pseudo-politicorum
1137 523 1166 583 ct

234 617 636 696 pseudo-philosophorum,
659 615 996 696 rationalistarumque'
1012 634 1052 675 ac
1076 619 1165 677 natu-

234 710 422 786 ralistarum,
440 710 492 788 qui
512 709 684 768 Ecclesiam
700 709 887 770 catholicam
901 712 1056 788 tanquam
1071 727 1165 770 unam

234 804 273 864 de
295 803 427 864 diversis
446 801 600 880 religiosis
620 803 712 862 sectis
736 802 899 877 habentes,
924 800 1012 862 illam
1038 803 1164 880 politico

234 897 385 976 regimine
412 895 656 956 submittendam
680 895 882 971 contendunt,
899 894 943 954 ita
962 898 997 955 ut
1019 895 1165 973 princeps
1249 889 1250 906 ¹

234 995 385 1069 tanquam
400 992 542 1050 centrum
554 989 805 1064 constitueretur,
824 987 907 1048 unde
923 987 1025 1047 omnis
1042 989 1166 1067 religio-

234 1083 282 1143 nis
299 1083 401 1142 forma
423 1082 473 1142 vel
494 1082 614 1160 species
635 1081 708 1160 jura
732 1081 873 1142 haberet.
897 1080 973 1140 lnde
993 1081 1167 1142 exsurrexit

234 1178 373 1254 systema
389 1174 466 1234 illud
482 1173 618 1234 otheismr'
624 1173 754 1253 politici,
772 1173 879 1252 inquo
896 1175 1001 1234 Status
1014 1191 1050 1233 se
1072 1173 1166 1234 hahet

127 1319 128 1322 ,
234 1273 385 1347 tanquam
399 1267 580 1328 indifferens
599 1267 640 1327 ad
662 1285 770 1327 omnes
788 1267 904 1343 cultm,
925 1267 1011 1346 quod
1029 1269 1166 1344 systema

234 1363 304 1440 plus
316 1362 418 1422 minus
429 1361 548 1422 obtinet
558 1361 710 1421 hodierno
721 1363 863 1438 tempore
873 1360 905 1419 in
917 1359 1065 1420 omnihus
1075 1360 1166 1422 rebus

233 1455 376 1532 publicis,

273 1549 369 1608 Porro
389 1547 420 1606 in
442 1545 621 1628 hujusmodi
644 1564 725 1606 novo
746 1547 820 1606 helli
836 1565 952 1625 genere
973 1546 1061 1625 quod
1082 1545 1164 1624 prin-

234 1641 339 1719 cipum
355 1641 483 1702 ambitio
508 1640 659 1702 adversus
678 1639 850 1700 Ecclesiam
870 1639 1031 1716 excitavit,
1050 1639 1165 1702 invete-

234 1737 338 1792 ratum
351 1732 478 1792 haeresis
490 1736 520 1792 et
532 1731 708 1792 schismatis
722 1731 840 1809 odium,
858 1731 1078 1810 zelotypiaque
1089 1731 1165 1810 poli-

233 1825 303 1885 ticae
336 1824 530 1884 auctoritatis
559 1824 667 1884 nutriit
688 1825 837 1903 fovitque.
865 1825 954 1886 Unde
979 1824 1165 1884 factumest

234 1917 318 1996 quod
336 1917 453 1978 bellum
475 1917 558 1978 istud
578 1935 640 1977 non
663 1917 766 1978 minus
790 1917 918 1978 crudele
943 1917 1045 1978 evasit
1072 1935 1165 1997 quam

234 2011 371 2088 primum
392 2011 470 2070 illud
493 2011 577 2091 quod
597 2011 761 2089 apaganis
779 2011 973 2090 principibus
995 2011 1164 2072 cxcitatum

233 2103 345 2183 fuerat,
359 2105 423 2164 imo
438 2103 528 2186 pejus
544 2123 583 2164 ex
595 2123 633 2164 ea
647 2107 737 2182 parte
754 2123 817 2184 qua
831 2103 991 2166 christiani
1007 2104 1165 2183 principes

232 2202 305 2260 sunt
326 2199 378 2279 qui
401 2198 574 2260 dilacerant
598 2196 784 2275 Ecclesiam,
809 2216 904 2278 quam
924 2202 1077 2278 tanquam
1102 2216 1164 2260 ma·

232 2296 313 2352 trem
325 2291 468 2352 venerari
482 2291 652 2374 deberent⁸⁴

272 2386 317 2443 Ea
331 2387 437 2442 autem
454 2383 578 2444 diversa
596 2383 654 2444 fuit
670 2383 763 2463 hujus
779 2384 851 2446 holli
867 2384 998 2461 indoles,
1018 2389 1163 2464 respectu

232 2475 314 2534 illius
325 2475 472 2553 primitivi
484 2475 523 2535 dc
532 2494 592 2556 quo
605 2495 711 2554 supra,
725 2477 809 2556 quod
819 2478 954 2555 primum
967 2497 1025 2556 pro
1041 2479 1163 2559 objecto

231 2568 327 2627 fidem
355 2568 501 2645 haberet,
525 2587 594 2648 quae
614 2569 735 2629 nullum
754 2574 882 2649 pactum
901 2589 959 2632 nec
977 2573 1165 2634 transactio-

231 2680 304 2722 nem
315 2661 400 2740 sinit,
418 2661 591 2723 secundum
605 2681 680 2724 vero
697 2667 841 2725 versatur
856 2664 940 2726 circa
953 2664 1161 2744 disciplinam,

232 2773 301 2832 quar
313 2775 369 2834 per
384 2755 530 2835 quadam
540 2758 788 2834 temperamenta
798 2757 956 2819 immutari
967 2762 1083 2836 potest.

271 2847 349 2908 llinc
367 2867 439 2908 oum
455 2848 525 2909 talis
543 2853 650 2910 exorta
668 2853 715 2910 est
729 2851 916 2912 alternative
928 2854 963 2912 ut
975 2853 1026 2912 vel
1041 2852 1164 2932 integra
1245 2863 1246 2870 ’

231 2958 330 3020 regna
343 2944 374 3000 et
387 2941 528 3002 nationes
543 2941 691 3021 egremio
702 2943 848 3003 Ecclesiae
864 2945 1076 3006 evellerentur
1091 2946 1162 3006 etin

230 3033 367 3093 schisma
382 3033 606 3112 dilaberentur,
619 3035 669 3096 vel
683 3035 821 3096 Ecclesia
835 3037 954 3116 aliquid
969 3037 1009 3097 de
1020 3038 1097 3117 jure
1109 3056 1162 3099 suo

230 3127 374 3204 cesserit,
394 3145 457 3188 non
476 3128 604 3209 quidem
618 3128 687 3206 ipsa
697 3127 771 3206 jura
785 3128 971 3208 alienanda,
988 3131 1045 3192 sed
1060 3131 1162 3210 ipsum

225 3219 345 3300 jurium
365 3221 548 3282 exercitium
566 3221 792 3299 aliquantisper
806 3222 1027 3300 temperando,
1053 3223 1164 3285 maluit

229 3314 368 3374 Ecclesia
386 3317 503 3376 statum
522 3313 754 3392 disciplinarem
771 3315 992 3375 nonnullarum
1007 3317 1163 3378 Ecclesia-

228 3427 298 3468 rum
312 3407 494 3468 modificare
508 3425 603 3487 quam
618 3406 742 3486 integra
756 3426 855 3487 regna
865 3408 932 3468 fieri
947 3408 1158 3472 schismatica.

228 3501 337 3560 Maluit
347 3499 540 3578 principibus
553 3499 734 3560 exercitium
751 3500 928 3581 aliquorum
938 3500 1061 3580 jurium
1078 3503 1162 3564 dele-

229 3609 315 3674 gare,
337 3610 432 3672 quam
447 3591 563 3650 sineret
582 3597 616 3650 ut
634 3592 790 3672 principes
806 3613 843 3654 ea
857 3597 944 3656 motu
954 3596 1085 3676 proprio
1105 3596 1160 3658 sibi
