2542 4122
395 351 434 400 nn
455 351 582 400 omnem
602 351 685 402 roais
706 353 860 402 carorum.
1032 341 1090 402 ete

161 499 203 562 sit
235 499 274 560 de
309 499 423 560 abbate
454 497 623 576 improprie
651 497 777 576 nullius)
804 499 854 560 vel
873 513 976 578 'prope
1002 498 1089 580 cujus
1205 545 1210 553 ,

161 593 324 654 dioecesim
348 591 384 670 (si
408 591 448 651 de
470 591 584 652 abbate
604 591 871 671 proprienullius)
891 592 1017 654 abbatia
1031 591 1090 652 sita

161 688 218 762 est,
239 683 442 764 praesumptio
461 702 587 762 semper
605 687 666 746 stat
677 701 734 762 pro
762 684 907 762 episcopo
932 687 963 746 et
985 683 1091 746 abbati

78 830 82 840 ,
161 775 319 840 centraria
339 775 482 838 habetur.
507 778 587 836 Nam
601 780 721 856 pugnat
735 777 787 837 hie
805 777 1004 856 privilegium
1019 795 1090 838 curn

158 871 241 950 lege,
266 868 405 947 exceptio
426 887 498 930 cum
516 869 636 948 regola,
656 869 689 930 id
704 869 790 949 quod
808 869 1090 947 cuncordinarium

160 967 209 1024 est
227 981 299 1024 cum
316 961 368 1022 illo
394 961 478 1042 quod
497 964 545 1022 est
566 961 770 1023 ordinarium.
795 965 962 1042 Nunquam
986 966 1091 1025 autem

161 1055 353 1118 censendum
377 1057 425 1116 est
445 1054 507 1132 legi
529 1053 624 1114 fuisse
639 1054 826 1134 derogatum
844 1054 904 1114 nisi
924 1057 1032 1132 aperte
1051 1055 1090 1114 de

161 1149 224 1210 hac
237 1147 418 1225 exceptione
433 1149 565 1208 constet.
581 1146 671 1208 Unde
680 1147 716 1208 fit
728 1147 812 1226 qnod
824 1146 1001 1208 auctoritati
1012 1147 1091 1225 epis-

162 1241 233 1320 copi
254 1241 305 1302 vel
328 1238 499 1300 dioecesani
522 1239 572 1300 vel
593 1239 715 1300 finitimi
737 1239 910 1320 respective
925 1258 963 1300 ea
987 1240 1093 1300 emnia

161 1336 361 1396 reserventur
382 1350 452 1412 quae
476 1335 584 1410 aperte
607 1351 670 1394 nen
699 1333 954 1396 demonstrantur
985 1332 1090 1394 abbati

163 1429 352 1506 competere.
369 1427 429 1486 Pre
445 1425 591 1504 episcope
603 1425 753 1486 fundatur
766 1426 968 1505 praesumptio
980 1425 1091 1506 injure

162 1517 332 1582 communi.
349 1517 456 1580 Abhes
477 1536 551 1579 vero
574 1520 697 1579 tantum
708 1521 812 1596 potest
825 1517 857 1578 in
874 1537 931 1580 sue
947 1517 1094 1598 jurisdic·

161 1613 246 1676 tione
267 1611 419 1690 proficere
445 1614 598 1690 quantum
615 1610 695 1690 juris
709 1611 836 1672 habeta
858 1611 1092 1690 praescriptione

162 1705 212 1768 vel
226 1724 246 1766 a
259 1703 422 1783 privilegio
435 1707 545 1764 contra
559 1703 741 1782 episcopum
753 1704 803 1764 vel
818 1703 1032 1766 dioecesanum
1041 1703 1095 1764 vei

160 1797 329 1859 finitimum
340 1796 523 1876 respective.
538 1796 593 1857 llle
603 1800 708 1858 autem
721 1796 834 1858 dicitur
843 1797 992 1858 finitimus
1003 1795 1092 1876 eujus

162 1890 296 1952 ecclesia
306 1889 494 1950 cathedralis
504 1889 675 1968 proximior
689 1893 808 1967 estprae
820 1889 940 1952 ceteris
953 1889 1091 1952 ecclesia

161 1982 322 2060 abbatiali,
338 1985 519 2062 computata
534 1981 681 2044 distantia
694 2001 733 2042 ex
743 1981 802 2044 viis
814 1982 990 2043 ordinariis.

203 2076 285 2138 Satis
297 2093 354 2154 pro
367 2075 480 2136 harum
492 2073 720 2136 institutionum
735 2075 863 2136 medulo
876 2075 915 2136 de
928 2075 988 2134 hac
997 2072 1093 2152 juris-

162 2169 304 2231 dictione
320 2168 409 2249 quasi
430 2167 598 2247 episcopali
622 2185 693 2248 quae
707 2167 800 2228 eiicui
812 2166 878 2227 sedi
891 2166 1014 2227 adnexa
1033 2168 1090 2226 est.

161 2263 373 2342 Reliquaquae
386 2261 425 2322 de
442 2261 502 2322 hac
520 2279 555 2322 re
574 2260 726 2340 disputari
740 2260 919 2340 possent(v.
935 2277 969 2338 g.
985 2257 1089 2338 quoad

161 2355 327 2418 conflictus
346 2354 428 2416 inter
451 2353 615 2433 episcopos
647 2358 679 2416 et
699 2352 841 2433 achates)
869 2353 1028 2432 pertinent
1049 2351 1088 2412 ad

159 2447 355 2527 superiorem
369 2465 526 2508 canonum
541 2446 747 2526 disciplinam.

157 2613 195 2656 lv.
209 2613 240 2654 De
255 2610 323 2654 altera
332 2610 390 2665 quasi
401 2609 516 2667 episcopali
528 2607 688 2666 jurisdictione,
700 2621 747 2664 que
760 2607 861 2652 videlicet
871 2607 921 2651 uuili
931 2607 1089 2660 rodrudum-et,

467 2689 504 2721 seu
518 2677 545 2720 de
557 2677 643 2720 vicariis
654 2677 783 2732 apostolicis.

200 2818 309 2882 XXIV.
327 2815 599 2891 Quemadmodum
610 2813 786 2896 jurisdictio
807 2812 1089 2892 supraepiscopalis

157 2911 332 2991 aliquando
339 2910 465 2972 sedibus
475 2908 625 2985 adheret,
638 2908 807 2987 aliquando
817 2907 963 2986 personis
971 2906 1088 2968 directe

159 3003 376 3080 committitur,
395 3003 439 3064 ita
451 3005 483 3064 et
492 3001 668 3082 jurisdictio
681 3001 769 3080 quasi
784 3001 978 3080 episcopalis.
995 3001 1088 3072 Quasi

156 3096 286 3158 sedibus
299 3095 462 3158 adherere
476 3095 601 3157 videtur
613 3093 748 3173 dignitas
763 3094 929 3168 abbatum
947 3093 1088 3173 personis

157 3193 265 3252 autem
301 3189 419 3251 directe
458 3187 661 3249 committitur
691 3185 867 3267 jurisdictio
899 3186 1093 3248 vicariorum:

156 3283 411 3362 apostolicorum,
429 3281 468 3342 da
483 3279 596 3360 quibus
610 3297 704 3341 nunc.
839 3346 845 3358 ,

199 3375 262 3437 Sed
284 3375 336 3436 hic
354 3375 485 3436 nomine
499 3372 610 3435 vicarii
632 3371 793 3452 apostolici
808 3391 871 3434 non
885 3369 1092 3448 intelligtmm

156 3467 247 3530 illum
268 3467 485 3530 ecclesiastica
500 3465 693 3531 auctoritatis
710 3465 846 3544 gradum
860 3463 912 3543 qui
934 3461 1093 3541 originem·

159 3561 247 3630 dedit
258 3562 369 3644 legatis
381 3561 473 3626 netis.
489 3563 567 3624 Nam
581 3559 624 3622 illi
634 3557 743 3622 vicarii
757 3555 917 3640 apostolici
929 3554 1088 3632 habebant
