2540 4132
298 387 405 435 wolon
427 387 580 433 secularis
600 387 684 434 solus
705 387 861 434 cenorum.
988 371 1044 436 Μ

110 545 215 594 novus
224 530 364 592 Pontifex
377 530 445 609 ipso
457 530 677 609 assumptionis
683 530 734 590 die
745 549 798 590 aas
808 529 886 592 solet
895 529 1044 592 innovare

112 609 1044 702 etconfirmare.Undesolentcomparariedietopraetorisin

106 721 182 800 jure
194 735 344 792 romano,
362 715 508 796 cujusvis
525 717 608 777 ultra
627 733 744 778 annum
758 733 821 776 non
837 716 1043 794 perdurabat3

108 813 168 874 sed
191 809 405 888 unusquisque
428 813 583 888 praetore
606 809 657 870 die
673 827 738 870 suae
753 812 900 888 praeturae
923 809 1047 870 solebat

110 904 252 966 edietum
263 902 424 962 innovare.

149 999 203 1058 IX.
220 995 352 1056 Materia
366 995 459 1074 hujus
469 995 660 1056 collectionis
674 995 802 1074 respicit
817 995 921 1056 officia
936 1011 1046 1055 eorum

110 1089 166 1170 qui
181 1087 313 1148 incuria
327 1088 442 1149 addicti
460 1092 533 1149 sunt
551 1088 582 1147 iu
607 1089 717 1148 ordine
732 1088 925 1168 judiciorum
946 1087 1045 1167 quiin

110 1181 301 1244 cancellarie
322 1181 544 1258 absolvuntur,
562 1200 696 1242 necnon
709 1181 843 1242 innuunt
857 1180 1047 1242 reservatio·

110 1295 168 1336 nes
183 1273 358 1354 pontificias
370 1274 546 1352 praesertim
565 1273 597 1334 in
612 1291 708 1334 causa
720 1275 956 1336 beneficiorum.
974 1275 1046 1336 Jam

111 1386 189 1430 vero
204 1385 276 1427 cum
295 1367 363 1427 haeo
383 1366 534 1444 materia,
554 1385 667 1446 nempe
684 1367 887 1444 beneficialis,
912 1367 983 1428 telis
1006 1366 1046 1428 sit

113 1479 186 1540 quae
211 1459 328 1520 afficiat
351 1459 531 1520 universam
556 1459 753 1538 disciplinam
780 1460 1043 1536 ecclesiasticam,

112 1556 146 1614 in
159 1553 357 1614 conferendis
373 1552 548 1629 beneficiis,
566 1571 604 1613 aa
613 1557 718 1614 mente
732 1553 859 1614 fuerunt
869 1553 930 1613 illae
944 1571 1046 1614 reser-

114 1647 257 1708 vationes
281 1645 448 1724 publicatae
472 1649 507 1707 ut
534 1647 618 1724 apud
646 1664 754 1707 omnes
774 1646 989 1723 innotescant,
1015 1651 1046 1707 et

114 1739 255 1800 habeant
285 1738 349 1798 vim
373 1738 453 1818 juris
480 1738 669 1813 communis3
691 1742 798 1800 tamen
819 1739 953 1816 deinde,
972 1757 1046 1800 con-

114 1831 252 1894 cordatis
271 1831 354 1892 initis
368 1831 449 1892 inter
474 1831 656 1892 Pontificem
668 1833 750 1894 Max.
769 1835 800 1893 et
814 1831 971 1912 principes
987 1851 1046 1892 sae-

111 1925 186 2002 culi,
203 1925 317 1984 harum
333 1926 514 2003 regularum
528 1925 575 1985 vis
590 1943 647 2004 pro
669 1925 763 1986 variis
783 1925 860 1986 locis
878 1925 965 1986 varie
989 1924 1048 1985 fuit

113 2018 296 2079 modificata
308 2020 339 2078 et
353 2017 466 2077 alicubi
481 2017 577 2078 etiam
591 2017 736 2078 extincta.

154 2112 327 2188 Postquam
349 2109 528 2189 hujusmodi
552 2113 720 2171 tractatum
750 2109 789 2169 da
813 2107 1048 2170 collectionibus

110 2203 193 2284 juris
224 2203 365 2263 canonici
393 2203 643 2279 absolverimus,
668 2202 795 2262 unicum
825 2204 922 2262 restet
945 2199 1049 2260 adhuc

114 2295 288 2356 videndum
308 2300 477 2376 antequam
498 2296 539 2356 ad
567 2295 661 2376 aliam
680 2298 804 2373 partem
831 2293 1045 2354 accedamus:

115 2388 254 2448 vidimus
261 2387 520 2466 enimseparatim
535 2388 639 2449 varias
654 2387 853 2449 collectiones
860 2386 941 2468 juris
956 2405 1048 2447 cano·

115 2481 177 2542 nici
212 2481 317 2560 quoad
340 2500 450 2542 earum
474 2481 714 2542 aestimationem
750 2484 781 2542 et
804 2480 1051 2553 auctoritatem

116 2575 173 2635 sed
187 2575 329 2634 nondum
341 2574 561 2654 proposuimus
573 2575 720 2636 volumen
735 2573 812 2634 illud
833 2573 1052 2635 collectionum

117 2686 180 2748 quo
205 2667 249 2728 uti
271 2668 427 2744 solemus,
448 2671 516 2728 tum
536 2667 568 2727 in
592 2667 739 2747 judicie,
765 2671 833 2727 tum
858 2666 891 2725 in
915 2664 1049 2741 scholis,

116 2779 232 2839 nempe
247 2779 326 2838 opus
341 2761 425 2839 quod
440 2760 572 2822 dicitur:
593 2759 705 2840 Corpus
707 2759 791 2839 juris
805 2758 947 2835 cononici,
967 2757 1052 2838 quod

115 2853 222 2916 varias
237 2852 364 2914 exhibet
378 2852 576 2914 collectiones
592 2872 650 2914 usu
667 2853 717 2913 vel
732 2852 911 2913 scholarum
930 2852 981 2912 vel
999 2851 1052 2932 ju-

91 2934 95 2940 ’
117 2947 274 3007 diciorum
296 2950 450 3024 receptas.
475 2947 559 3025 Ergo
579 2949 722 3007 remanet
744 2950 780 3006 ut
803 2946 841 3007 de
863 2946 917 3006 illo
939 2963 1051 3008 monu-

118 3041 225 3100 mento
242 3039 437 3118 eloquamur.

480 3147 610 3207 CAPUT
636 3147 686 3208 lv.

349 3282 388 3325 na
411 3281 544 3326 conronn
565 3282 647 3326 roms
669 3283 825 3328 cenorum.
922 3333 925 3338 ,

222 3397 233 3449 ς
249 3399 265 3440 l.
279 3403 396 3438 ranarum
409 3407 440 3438 ET
454 3407 602 3439 sacrorum
615 3408 727 3441 CORPORE
741 3411 808 3441 suut!
821 3407 944 3441 GANOMCI.

157 3503 181 3562 Ι.
197 3502 244 3561 Ex
260 3501 407 3581 analogia
421 3501 586 3582 quainter
600 3503 762 3584 utriusque
773 3503 853 3582 juris
874 3501 1053 3578 disciplinas

117 3593 289 3656 subsistere
304 3593 508 3674 dignoscitur,
524 3598 593 3657 orta
608 3600 654 3656 est
672 3597 807 3674 analoga
820 3593 946 3673 partitio
966 3594 1053 3656 codi-
