2502 4130
159 277 162 284 ,
194 247 254 310 ,Ἢ
406 259 636 318 ΙΝβἨΊὋΤΙΟΝΕΒ
656 262 742 314 lours
763 261 917 318 Glllfflillil·

196 404 269 470 diue
284 403 325 468 ad
340 405 442 472 eedem
453 424 586 484 sacram,
601 409 796 486 competeret
809 404 968 468 fundatori
994 405 1053 486 qui
1077 424 1138 468 nou

196 498 290 562 modo
304 498 405 560 aedem
417 517 551 576 sacrem,
567 500 731 562 sodalium
751 500 854 562 locum
869 499 919 560 vel
930 498 1035 576 pium,
1051 499 1137 558 verbi

196 592 302 671 gratia
311 590 498 670 hospitalem
510 593 650 670 domum,
662 594 713 654 uel
725 593 916 671 religiosam,
928 594 964 658 ut
978 595 1137 655 monaste·
1225 617 1226 620 ¹

197 686 278 748 rium
300 685 349 746 vel
376 685 504 764 aliquod
522 687 659 752 officium
672 687 711 748 de
732 704 794 748 aere
810 703 866 746 suo
880 685 1044 752 erexisset.
1071 687 1135 746 lmo
1225 709 1226 716 ¹

200 777 316 858 bocjus
327 795 390 838 non
399 781 522 844 tautum
535 779 645 847 datum
658 784 705 844 est
718 779 745 838 ei
759 778 812 857 qui
826 777 865 838 de
884 795 947 840 aere
962 795 1023 842 suo
1032 777 1136 838 locum

199 872 287 934 illum
308 870 512 948 instituisset,
536 872 592 938 sed
614 871 709 935 etiem
733 872 763 932 ei
777 870 829 950 qui
847 888 966 949 magna
981 887 1022 930 ex
1046 874 1132 948 perte

197 963 346 1044 gravibus
371 964 521 1043 impensis
540 965 581 1029 ad
602 965 707 1030 locum
721 965 772 1025 vel
791 963 931 1032 officium
949 962 1031 1028 illud
1047 963 1133 1031 insti-

195 1057 349 1118 tuendum
362 1058 411 1118 vel
426 1058 639 1135 reparandum
654 1057 874 1119 concurrisset.

234 1149 315 1222 Quin
329 1169 393 1216 non
417 1151 560 1218 habitum
579 1154 627 1220 est
646 1151 708 1214 hoo
730 1150 882 1231 josedec
905 1149 1081 1232 personale¹
1103 1152 1134 1210 ul

194 1261 267 1306 cum
284 1261 419 1322 persona
434 1243 477 1322 pii
494 1243 669 1306 fundatoris
690 1228 876 1322 eirpirosset,
899 1241 957 1304 sed
977 1243 1086 1322 prouti
1098 1242 1135 1312 oh

194 1336 336 1400 ecclesias
352 1337 570 1408 fundationem
578 1337 717 1417 aliquem
728 1335 983 1402 imminutionem
993 1335 1136 1414 pecunie

195 1432 262 1490 tota
275 1427 395 1490 familie
408 1429 585 1494 fundatoris
600 1429 750 1506 subierat,
768 1429 812 1492 ita
834 1433 865 1490 et
879 1429 932 1508 jus
945 1429 1009 1493 hoo
1023 1429 1137 1498 funda-

195 1521 256 1584 tori
275 1521 419 1601 primitus
450 1541 644 1600 concessum,
675 1527 827 1602 tanquam
846 1526 1042 1602 perpetuum
1070 1523 1137 1590 fieri
1227 1589 1228 1594 η

194 1614 301 1693 coepit,
324 1615 409 1694 quod
429 1634 543 1694 nempe
566 1616 598 1676 in
623 1615 701 1678 alios
720 1616 785 1678 sive
805 1615 878 1696 jure
893 1616 1056 1694 generalis
1071 1615 1135 1682 sive

193 1706 336 1785 specialis
351 1707 558 1772 successionis
568 1709 600 1768 in
610 1727 810 1773 successores
820 1708 1114 1771 transfunderetur.
1227 1703 1228 1714 ’

235 1801 282 1860 Ex
315 1799 428 1878 quibus
450 1801 596 1870 omnibus
613 1802 658 1866 sio
682 1805 785 1880 potest
812 1802 872 1864 hoc
894 1801 949 1881 jus
976 1802 1134 1862 describi:

194 1892 249 1953 Est
268 1891 320 1972 jus
341 1896 525 1970 patronatus
541 1893 596 1974 jas
619 1895 769 1974 slapalare
788 1893 824 1954 ab
844 1893 982 1954 Ecclesia
1011 1894 1134 1974 beaipae

193 2003 355 2050 eoncessum
376 1986 412 2047 iio
430 1987 484 2068 qai
500 1986 702 2066 fundaverant
731 1988 778 2049 ael
809 1994 1055 2050 restauraverunt
1076 1989 1135 2048 laea
1227 2043 1228 2066 ,

191 2097 287 2156 sama,
300 2079 363 2160 pia,
375 2079 521 2160 rellpioso,
536 2087 587 2140 aut
597 2081 790 2144 ecclesiastiea
801 2079 905 2162 officia
915 2099 966 2140 seu
978 2079 1130 2162 beneficia,
1227 2071 1228 2126 l

190 2191 344 2255 coramque
353 2173 491 2253 lapillulis
503 2173 720 2251 suecessoribus,
741 2174 896 2234 consistens
915 2173 947 2234 la
964 2175 1057 2237 certes
1080 2173 1130 2233 llo-
1227 2229 1228 2244 ,

192 2265 322 2340 auritas,
336 2265 489 2329 commodis
501 2273 529 2328 et
543 2265 676 2334 oneribus
688 2267 831 2330 inordina
844 2266 884 2331 ad
897 2266 994 2330 locam
1009 2268 1059 2330 cel
1066 2265 1133 2348 osfi·
1227 2247 1228 2314 ἶ

191 2356 268 2419 aaut
280 2359 360 2438 qaod
367 2378 404 2420 aa
416 2360 545 2440 ausorum
561 2359 738 2428 liberalitate
752 2359 886 2422 labetur.

230 2451 268 2513 X.
294 2451 362 2522 oue
383 2453 486 2530 posita
507 2453 552 2520 rei
575 2453 714 2530 nodone,
737 2453 902 2534 sequentia
929 2453 1133 2526 theoremate

194 2542 234 2608 de
248 2543 347 2624 ipsius
359 2543 492 2626 hujusce
500 2545 581 2626 juris
593 2546 743 2611 limitibus
760 2546 849 2628 sequi
864 2544 1034 2614 videntur:

234 2640 266 2698 l⁰
278 2639 334 2700 lus
346 2642 530 2718 patronatus
557 2658 597 2699 ex
623 2639 764 2705 ecelesia
778 2639 980 2702 *institutione
1005 2641 1131 2706 omniuo

194 2729 370 2804 descendit3
393 2750 463 2811 quae
487 2731 640 2794 institutio
663 2751 718 2792 seu
738 2732 898 2799 concessio
913 2751 976 2793 non
989 2733 1133 2796 innititur

193 2821 301 2885 stricto
324 2826 355 2884 et
375 2825 518 2902 rigoroso
538 2824 613 2904 juri,
640 2825 696 2890 sed
709 2825 892 2904 simpliciter
904 2825 1090 2905 gratitudini
1104 2832 1133 2885 et

186 2913 377 3001 ,benignitati
389 2917 696 2998 llcolesiae,quaehoc
707 2918 801 2990 modo
813 2918 1023 2983 cohonestare
1034 2918 1133 2984 voluit

193 3008 415 3079 liberalitatem
434 3029 543 3073 eorum
566 3011 619 3090 qui
650 3030 712 3078 ecre
736 3030 793 3075 suo
816 3011 951 3091 propriis
969 3011 1130 3090 impensis,

193 3101 341 3165 Ecclesiae
357 3101 597 3166 benefecissent.

232 3201 264 3264 2⁰
286 3199 352 3261 Hoc
369 3195 421 3276 jus
441 3215 505 3259 non
526 3201 573 3262 est
593 3198 806 3264 ecclesiastice
817 3198 996 3278 jurisdictio
1014 3217 1053 3258 ex
1072 3216 1133 3257 una

193 3293 295 3370 paria,
318 3308 376 3353 uec
391 3291 439 3350 est
452 3289 585 3368 simplex
595 3289 647 3369 jus
663 3291 836 3358 advocatia
851 3291 1004 3355 exaltare
1020 3294 1130 3370 parte:

194 3402 258 3450 non
273 3383 410 3460 priunum
425 3381 500 3463 quia
523 3386 655 3460 patrono
677 3384 799 3450 nullum
819 3384 872 3465 jus
892 3381 1133 3451 administrandi

193 3473 243 3530 vol
257 3473 454 3547 gubernandi
469 3473 642 3544 licolesiem
653 3479 789 3554 spectat,
807 3495 866 3538 neo
877 3477 1023 3552 alterum,
1036 3475 1134 3562 siqui-
