2502 4130
213 325 273 388 310
423 341 652 390 msrrrurronns
673 341 757 390 runis
779 341 936 390 canonici.

216 486 304 548 trino
317 485 499 564 roratione,
511 488 905 570 ministroruminfirmorcm
916 485 1032 566 (1585),
1042 485 1153 547 schola

212 598 278 640 rrum
292 579 429 660 piarum,
444 581 615 643 curruum
633 582 789 659 minorum,
809 581 850 642 ab
869 582 948 658 Aug.
968 579 1101 640 Adorno
1125 582 1155 641 et

213 675 248 734 F.
263 673 441 735 Caracciolo
456 673 669 736 institutorum
691 677 785 748 15883
805 673 1067 752 presbyterorum
1086 691 1155 732 ron-

211 766 391 846 gregutionis
404 767 576 828 missionisa
589 772 696 829 sancto
711 766 875 830 Vincentio
891 784 911 826 a
925 765 1035 842 Paulo,
1052 769 1112 827 etc.

253 861 371 920 Praeter
382 859 562 938 hujusmodi
577 860 837 940 congregationes
852 877 923 938 quae
938 857 1049 920 stricto
1061 877 1154 920 sensu

213 953 374 1032 regulares
389 952 451 1012 dici
463 957 604 1032 possunt,
623 961 696 1015 sunt
712 957 744 1015 et
758 954 838 1030 alia,
854 971 926 1032 quae
942 950 1005 1012 dici
1023 956 1154 1030 possunt

213 1044 302 1125 quasi
320 1045 490 1124 regulares.
512 1048 593 1108 Sunt
607 1047 691 1107 enim
710 1047 814 1126 potius
837 1045 1003 1106 convictus
1025 1045 1154 1106 clerico-

212 1157 282 1198 rum
306 1139 494 1208 secularium
521 1158 616 1219 quam
641 1140 825 1200 clericorum
850 1139 904 1218 qui
921 1137 1016 1198 alicui
1036 1138 1153 1217 regula

212 1231 368 1308 sedicent,
404 1231 486 1294 sicut
523 1233 702 1312 presbyteri
733 1231 966 1312 congregationis
999 1229 1150 1306 Oraturii,

213 1325 320 1386 llomae
334 1327 427 1402 1575,
443 1329 582 1386 asancto
598 1325 742 1404 Philippo
758 1325 850 1384 Nerio
863 1323 1011 1384 instituti.

255 1418 334 1478 XXI.
349 1419 379 1478 l⁰
391 1418 537 1478 Instituta
551 1418 710 1496 regularia
722 1417 816 1497 hujus
829 1417 952 1494 periodi
965 1417 1155 1494 profitentur

212 1508 309 1570 vitam
332 1509 521 1587 clericalem,
539 1530 601 1571 non
621 1511 748 1591 quidem
764 1515 917 1589 tanquam
929 1509 1152 1585 accessoriam,

212 1602 302 1663 sicuti
315 1603 455 1664 secunda
464 1603 607 1682 periodo,
621 1623 678 1664 nec
694 1607 846 1682 tanquam
859 1601 1151 1680 comprincipalem,

211 1694 301 1756 sicuti
316 1695 349 1754 iu
362 1698 404 1771 3³,
424 1695 480 1756 sed
495 1699 647 1775 tanquam
665 1695 931 1774 principaliorem.
951 1696 1036 1754 Nam
1051 1693 1152 1756 clerici

211 1786 371 1865 regulares
385 1792 458 1848 sunt
472 1789 675 1868 principalius
690 1788 791 1850 clerici
810 1805 906 1868 quam
924 1788 1111 1866 regularem
1125 1793 1153 1848 et

211 1879 385 1958 concipitur
405 1881 508 1959 potius
530 1883 674 1960 regulam
697 1881 865 1944 accessisse
880 1880 1048 1942 clericatui
1061 1897 1153 1960 qnam

209 1972 392 2034 clericatum
417 1975 535 2052 regulae
560 1975 775 2036 consociatum
796 1974 902 2035 fuisse.
935 1972 990 2034 lsti
1017 1975 1153 2052 primum

209 2065 371 2126 imitantur
385 2066 489 2144 capita
501 2067 724 2128 canonicorum
735 2066 938 2146 regularium,
949 2083 1024 2144 quae
1037 2066 1152 2145 pariter

210 2156 516 2237 principaliusvitam
527 2159 704 2220 clericalem
714 2178 808 2238 quam
818 2159 1001 2238 regularem
1011 2159 1151 2238 professa

211 2255 293 2312 sunt.
306 2253 341 2312 ln
356 2270 393 2312 eo
409 2269 483 2312 vero
502 2251 682 2331 discrepant
696 2253 736 2312 ab
758 2253 818 2312 illis
834 2253 918 2331 quod
937 2269 1004 2311 non
1020 2252 1086 2312 sint
1099 2251 1149 2312 cd-

211 2343 285 2404 dicti
303 2344 400 2405 choro
415 2345 507 2404 unius
531 2345 581 2404 vel
600 2345 727 2406 alterius
737 2345 903 2424 peculiaris
919 2344 1080 2417 ecclesiae3
1098 2343 1147 2404 sed

209 2437 396 2513 profitentur
414 2438 513 2498 vitam
536 2439 776 2500 ambulatorium
795 2439 837 2498 ad
851 2438 951 2498 instar
968 2437 1148 2498 mendican-

208 2527 297 2604 tium,
320 2532 351 2590 et
372 2533 557 2592 excrescunt
576 2531 607 2592 in
628 2551 760 2611 magnas
780 2529 915 2591 familias
935 2549 1007 2610 quae
1019 2529 1147 2591 interius

99 2668 103 2678 .
209 2625 362 2700 reguntur
376 2625 407 2684 et
418 2627 491 2684 sunt
504 2623 662 2702 dispositae
672 2625 712 2684 ad
727 2623 826 2685 instar
836 2623 1034 2684 eorumdem.

249 2719 281 2775 2⁰
301 2715 452 2776 Perhanc
466 2717 631 2795 periodum
645 2721 820 2796 temperata
836 2717 962 2778 videtur
981 2716 1145 2778 austeritas

211 2827 306 2886 quam
326 2827 425 2886 perse
444 2809 581 2870 tulerunt
596 2809 721 2870 ordines
738 2811 899 2890 regulares
914 2809 1047 2888 periodo
1062 2812 1145 2869 ante-

211 2899 343 2976 cedenti,
361 2904 427 2960 tnm
446 2902 478 2962 in
493 2902 604 2963 ordine
619 2904 660 2964 ad
674 2907 757 2980 vota,
779 2908 846 2964 tum
859 2903 1037 2981 prasertim
1051 2902 1084 2961 in
1099 2919 1145 2960 or-

211 2993 284 3054 dine
298 2993 338 3054 ad
353 2999 582 3072 paupertatem.
600 2999 680 3056 Nam
698 2997 738 3056 ad
754 2997 892 3076 primum
909 2995 995 3073 quod
1013 2995 1140 3073 spectat,

209 3088 275 3149 sere
291 3087 559 3150 exsulaveruntab
571 3089 655 3149 hisce
671 3089 896 3150 recentioribus
909 3087 1060 3150 institutis
1075 3089 1143 3146 vota

210 3180 372 3242 solemnia.
382 3181 946 3261 Nam,siprcescindamusanonnullis
954 3180 1081 3242 familiis
1089 3179 1147 3239 cle·

210 3275 346 3335 uicorum
370 3273 562 3352 regularium
576 3273 608 3334 in
624 3275 737 3353 quihus
753 3274 821 3335 haec
841 3277 932 3350 vota,
950 3273 1006 3334 sed
1022 3275 1141 3334 tantum

209 3370 280 3447 post
305 3366 487 3428 diuturnam
508 3367 745 3445 probationem,
767 3367 962 3443 emittuntur,
989 3366 1142 3427 habentur

209 3463 375 3519 rotemero
386 3459 549 3538 simplicia.
563 3462 625 3520 Nec
636 3463 758 3520 tantum
768 3463 841 3520 vota
851 3459 1014 3538 simplicia,
1025 3459 1082 3520 sed
1091 3458 1141 3518 ali-

216 3549 341 3620 quando
353 3548 420 3608 haec
430 3549 579 3628 ipsavota
590 3551 743 3629 simplicia
758 3552 943 3614 emittuntur
954 3570 1028 3613 cum
1043 3551 1142 3631 aliqua

1228 462 1232 497 l
