2604 4128
206 381 264 442 led
413 396 641 443 rnsrrrurrouns
662 397 744 443 runis
767 398 920 444 canorum.

205 543 287 615 sunt,
303 539 342 599 de
358 559 492 619 quarum
506 541 690 603 auctoritate
704 541 763 602 huc
773 561 871 603 unum
883 542 1038 605 habeatur
1050 541 1136 622 prin-

205 651 321 712 c1p1um
338 653 344 694 :

245 729 323 787 Cum
337 726 458 805 privato
477 727 579 788 studio
595 728 769 806 prodierint
783 727 832 788 hae
848 729 1058 806 collectiones,
1076 749 1136 791 uec

205 821 268 880 ulla
283 839 319 879 ox
336 820 374 880 iis
395 839 549 899 supremae
564 821 881 899 auctoritatisplacito
901 822 994 882 fuerit
1022 825 1136 883 confir·
1171 883 1176 890 ,

205 917 290 974 mata
300 917 331 974 et
341 914 548 992 promulgata,
561 917 764 975 monumenta
773 914 805 973 in
818 913 855 974 iis
866 915 1136 995 relatajuridicam

206 1007 376 1085 etlegalem
387 1006 604 1068 auctoritatem
613 1007 731 1066 nullam
738 1026 775 1067 ex
785 1007 821 1068 iis
833 1008 974 1086 achpere
986 1014 1133 1086 possunt;

204 1099 259 1160 sed
274 1093 477 1160 monumenta
490 1100 571 1160 iniis
586 1101 685 1160 relata
695 1099 772 1162 tanti
781 1101 887 1160 valent
901 1101 1009 1179 quanti
1027 1101 1137 1162 critica

206 1191 395 1268 collectoris,
421 1211 476 1253 seu
505 1193 537 1252 in
566 1196 691 1254 tantum
712 1192 776 1252 vim
804 1193 939 1271 legalem
964 1194 1082 1256 hahent
1104 1195 1136 1254 in

207 1287 359 1364 quantum
371 1285 563 1346 concordant
578 1304 650 1346 oum
663 1285 849 1346 authenticis
866 1288 1091 1348 monumentis

248 1377 328 1438 Satis
343 1377 382 1438 de
397 1378 632 1439 collectionibus
641 1378 720 1458 juris
733 1378 909 1452 novissimi;
930 1398 994 1438 una
1014 1383 1137 1440 tantum

207 1473 304 1530 restat
328 1471 468 1531 collectio
489 1489 558 1551 quae
581 1491 652 1532 cum
674 1490 735 1532 non
760 1471 896 1549 potuerit
918 1473 982 1532 ulla
1006 1473 1136 1550 periodo

207 1562 357 1641 singulari
371 1565 604 1642 comprehendi,
617 1584 674 1625 nec
689 1569 809 1643 spectat
821 1565 967 1625 adunam
982 1565 1138 1643 epocham

208 1655 385 1734 specialem,
398 1658 430 1716 in
444 1648 503 1717 ha‘c
513 1657 698 1718 tractatione
712 1657 851 1736 generali
867 1658 983 1718 omissa
993 1663 1049 1718 est.
1063 1660 1139 1719 Haec

209 1751 255 1809 est
278 1749 419 1811 collectio
444 1769 513 1830 quae
538 1750 651 1810 dicitur
671 1749 852 1829 Reqularom
871 1751 1066 1812 cancellariae
1087 1770 1139 1812 ro-

208 1860 309 1903 manae
322 1889 330 1920 ,
345 1843 384 1903 de
400 1861 463 1923 qua
476 1843 637 1922 paulisper
651 1843 842 1922 loquendum
858 1848 915 1905 est.

427 1993 487 2047 §lv-
505 2003 606 2036 uacuare
620 2003 787 2036 cancrnmxrn
803 2003 920 2036 acuens.

247 2118 326 2179 VIII.
342 2117 534 2179 (lancellaria
546 2119 836 2194 romanatanquam
846 2116 983 2177 officium
996 2121 1064 2178 erat
1076 2136 1138 2196 quo

207 2209 345 2288 expediri
383 2211 526 2272 solebant
556 2210 661 2270 omnia
688 2209 848 2288 pontificia
872 2210 1044 2288 rescripta,
1071 2214 1139 2270 tam

207 2303 316 2380 gratiae
329 2322 424 2382 quam
435 2303 563 2382 justitiae
575 2323 583 2375 ;
601 2302 851 2380 antiquissimam
865 2303 960 2364 habet
970 2303 1138 2364 institutio-

207 2411 280 2452 nem
295 2397 326 2454 et
337 2395 524 2473 quibusdam
534 2395 649 2474 regulis
662 2395 912 2455 traditionalihus
922 2395 953 2460 in
970 2395 1034 2455 suis
1047 2415 1138 2474 expe·

209 2485 331 2544 diendis
345 2487 478 2565 negotiis
492 2507 550 2547 usa
566 2492 629 2560 est;
647 2489 702 2548 sed
719 2488 833 2546 harum
854 2488 1034 2566 regularum
1053 2489 1140 2547 nulla

212 2578 311 2640 extItIt
333 2579 373 2640 ah
395 2579 579 2659 antiquitate
603 2580 719 2658 scripta
733 2579 893 2656 collectio,
915 2580 1012 2640 multo
1035 2579 1139 2640 minus

210 2671 303 2750 legali
318 2672 503 2734 auctoritate
518 2674 712 2733 confirmata.

251 2764 372 2825 Primus
386 2766 444 2826 fuit
465 2768 602 2826 Ioannes
617 2767 700 2826 XXII
723 2764 774 2844 qui
797 2765 853 2825 has
877 2765 1001 2844 regulas
1022 2765 1138 2843 scripto

210 2856 339 2935 digessit
357 2861 388 2918 et
401 2858 559 2935 pontificia
577 2857 762 2919 auctoritate
777 2857 982 2918 confirmavit.
1001 2859 1140 2937 Sequen-

210 2953 256 3010 tes
269 2951 358 3010 Rom.
376 2950 540 3011 Pontifices
557 2951 642 3029 operi
655 2951 791 3028 incoepto
809 2951 1033 3026 incubuerunt,
1053 2951 1139 3010 varie

210 3041 286 3102 illud
306 3042 540 3120 modificarunt,
565 3043 740 3122 praesertIm
763 3062 835 3104 saec.
857 3045 923 3120 XV,
949 3043 1076 3103 Nicolao
1097 3045 1140 3105 V⁰

211 3133 370 3212 Pontifice,
388 3135 488 3196 donec
502 3135 595 3197 hodie
619 3137 743 3196 illarum
759 3135 898 3198 collectio
912 3134 952 3195 ad
966 3137 1075 3196 LXXII
1090 3154 1141 3196 re-

210 3227 300 3306 gulas
316 3229 462 3290 excrevit.

250 3319 349 3400 Hujus
371 3321 560 3384 collectionis
585 3341 623 3382 ea
643 3321 809 3402 singularis
834 3324 880 3382 est
905 3323 1033 3398 natura,
1055 3319 1140 3400 quod

210 3432 323 3492 nempe
338 3433 401 3475 non
413 3415 507 3476 laelat
521 3415 574 3494 jus
594 3415 719 3475 omnino
739 3405 936 3493 perpetuum,
950 3413 1005 3473 sed
1018 3415 1140 3474 tantum

211 3505 396 3565 duraturum
418 3525 581 3585 quousque
602 3507 679 3566 vivit
700 3507 842 3566 Pontifex
860 3506 1014 3566 Maximus
1037 3525 1044 3565 :
1066 3505 1140 3565 sede

211 3599 316 3655 autem
331 3602 478 3674 vacante,
496 3598 617 3677 expirat
631 3599 755 3658 illarum
769 3597 816 3658 vis
830 3601 861 3657 et
880 3597 1059 3658 auctorItaS.
1079 3597 1141 3658 Sed
