2540 4132
319 323 428 374 noeros
448 285 602 374 eruemus
621 325 705 376 sous
725 325 880 382 monle.
1005 315 1060 380 {el

132 466 356 548 explicationes
381 467 431 530 vel
455 467 650 531 evolutiones
669 466 751 550 jum
768 469 930 550 naturalis,
960 488 1063 556 equo

132 565 286 642 tanquam
298 578 317 623 a
331 578 388 623 sue
402 559 488 622 fonte
498 564 642 624 mutuete
652 564 736 626 snut.

173 715 201 756 ll.
215 711 249 752 De
261 711 369 762 omi-rte
377 711 447 753 alem
454 711 545 762 positivi
557 713 581 753 ln
591 721 704 754 curem
714 721 821 755 mooun
834 713 1024 766 interpretatione.

172 836 212 897 V.
235 835 292 895 Jus
303 832 444 894 divinum
454 833 622 912 positivum
629 853 687 914 pro
697 834 823 897 diversa
828 835 978 916 junctura
986 839 1065 900 tem-

132 929 219 1010 poris
234 931 266 990 et
279 927 366 990 modi
379 947 472 1008 quaa
484 931 549 990 Deo
563 931 737 993 revelatum
749 933 806 1008 est,
817 930 1019 1010 distinguitur
1031 931 1064 994 in

128 1025 183 1106 jus
197 1023 319 1087 Veteris
340 1027 371 1085 et
386 1024 464 1086 Novi
479 1021 688 1088 Testamenti:
703 1025 781 1088 illud
800 1047 814 1084 u
825 1026 911 1106 quod
932 1025 1008 1088 olim
1018 1026 1066 1088 lo-

132 1135 233 1198 quens
242 1119 325 1178 Deus
337 1117 478 1195 patribus
490 1117 604 1180 nostris
617 1118 650 1178 in
662 1118 834 1198 prophetis,
845 1139 860 1178 n
872 1118 933 1180 hoc
950 1139 965 1176 c
979 1117 1065 1198 quod

131 1209 301 1272 novissime
312 1207 345 1270 in
355 1209 432 1272 Filio
442 1210 579 1289 locutus,
594 1233 608 1269 u
627 1211 717 1274 nobis
729 1209 949 1274 manifestavit.

170 1304 244 1365 Jam
257 1320 345 1378 vero,
367 1303 472 1382 quoad
482 1303 535 1382 jus
549 1302 691 1364 divinum
705 1306 742 1364 N.
759 1305 809 1380 T,
822 1303 898 1364 illud
911 1303 961 1365 vel
969 1303 1004 1386 in
1016 1321 1064 1366 ss·

132 1394 194 1457 eris
222 1394 352 1471 litteris,
377 1395 427 1455 vel
452 1395 484 1454 in
504 1395 651 1456 Ecclesiae
674 1395 841 1458 traditione
862 1395 1062 1460 continetur:

132 1487 217 1568 qnod
240 1489 367 1566 praestct
387 1506 480 1548 usum
493 1487 692 1555 indefinitum
705 1488 820 1568 injure
838 1488 1061 1566 ecclesiastico,

131 1581 219 1642 nulls
231 1583 335 1660 potest
347 1599 414 1642 esse
425 1581 603 1658 difficultas,
616 1581 772 1662 siquidem
784 1581 846 1644 hoe
859 1581 1063 1646 fundamento

131 1673 271 1736 Ecclesia
285 1673 340 1734 Dei
356 1676 513 1734 exstructa
526 1677 583 1750 est,
600 1673 649 1734 lris
663 1673 823 1753 principiis
837 1674 966 1753 regitur.

171 1769 251 1828 Tota
260 1766 363 1845 potins
374 1766 541 1828 difficultas
552 1765 635 1828 circe
647 1785 747 1828 usum·
750 1765 831 1847 juris
845 1765 980 1846 positivi,
995 1785 1064 1828 ver-

131 1863 219 1922 satur
240 1859 324 1920 circe
333 1859 386 1938 jus
401 1861 438 1920 V.
463 1861 512 1936 r,
534 1877 573 1919 ne
595 1857 751 1936 videlicet,
775 1859 852 1922 illud
866 1861 1061 1938 respuentes,

132 1952 297 2013 videamus
315 1969 462 2030 spernere
477 1951 610 2012 verbum
627 1951 694 2028 Dei,
719 1953 775 2012 aut
790 1950 867 2012 illud
889 1969 927 2012 ex
940 1951 1063 2029 integro

131 2044 328 2124 recipientes,
343 2063 382 2104 ne
405 2043 570 2105 videamur
581 2041 755 2123 judaizare.
778 2043 857 2104 Sunt
870 2041 967 2121 igitur
980 2057 1064 2120 que·

132 2137 207 2200 dnm
216 2136 334 2216 regulae
345 2135 531 2197 definienda
541 2151 599 2214 pro
609 2153 668 2195 usu
677 2136 715 2196 V.
726 2135 762 2196 Τ.
775 2134 808 2194 in
815 2131 1065 2213 jurisprudentia

131 2229 294 2306 canonice,
307 2232 342 2290 ut
355 2232 524 2308 utrumque
552 2230 727 2288 extremum
741 2225 875 2288 vitemus
891 2228 923 2287 et
936 2223 1064 2306 aliquod

130 2325 192 2386 hac
204 2323 237 2384 iu
249 2341 284 2382 re
299 2321 460 2384 criterium
476 2321 668 2382 efformetur.

173 2419 240 2478 Hoc
249 2419 284 2478 ut
293 2418 488 2495 praestemus,
496 2411 761 2476 considerandum
769 2413 816 2474 est
825 2410 1063 2492 universumjus

132 2513 170 2572 V.
189 2512 224 2571 Τ.
242 2508 283 2570 ed
297 2512 361 2570 tres
382 2508 497 2590 classes
515 2505 635 2584 reduci,
652 2504 756 2586 prouti
777 2504 863 2566 aliud
877 2503 930 2585 jus
941 2503 1061 2580 cerco,

133 2602 220 2666 aliud
232 2601 285 2682 jus
311 2600 521 2676 coererncnicle,
535 2598 621 2660 aliud
629 2599 682 2680 jus
689 2597 835 2679 judicante
848 2597 1035 2675 appellatur.

172 2695 291 2758 Mornle
305 2694 383 2755 illud
399 2693 513 2756 dicitur
536 2710 598 2772 quo
617 2690 736 2771 placuit
753 2692 818 2752 Deo
837 2706 895 2767 per
917 2685 1063 2750 determi-

133 2792 209 2850 nate
224 2789 383 2866 precepta
399 2785 518 2848 iudeis
528 2784 580 2864 jus
593 2783 735 2846 naturale
752 2781 896 2844 evolvere
911 2783 942 2842 et
956 2780 1063 2859 expla-

132 2900 221 2944 nare.
236 2883 407 2958 Propterea
420 2877 491 2940 telis
506 2881 553 2940 est
566 2875 660 2955 hujus
668 2875 749 2955 juris
768 2877 890 2950 notura,
902 2875 948 2950 ut,
961 2872 1035 2936 licet
1043 2890 1064 2933 a

134 2977 199 3038 Dee
219 2972 274 3034 uni
296 2972 412 3051 populo
427 2969 536 3032 Judeae
551 2967 702 3048 singulari
715 2965 948 3048 praedilectione
969 2964 1064 3026 fuerit

132 3065 340 3146 propositum,
356 3067 462 3125 tamen
477 3080 540 3122 non
560 3059 707 3140 respiciat
720 3059 880 3136 llaebreos,
896 3075 959 3138 que
970 3057 1060 3132 telos,

133 3159 188 3222 sed
199 3176 263 3240 qus
276 3155 430 3233 homiues,
447 3172 559 3233 nempe
574 3153 606 3214 in
619 3155 771 3232 quantum
784 3151 904 3212 habeut
917 3153 1063 3212 naturam

133 3248 658 3332 gentibusomnibuscemmunem.
1065 3295 1071 3304 .

173 3346 243 3406 Non
262 3341 306 3404 ita
317 3359 392 3402 vero
403 3340 456 3421 jus
471 3337 687 3400 caeremoniale
701 3336 751 3398 vel
761 3334 910 3417 judiciale
923 3347 993 3410 qua
1006 3329 1063 3389 Ju-

134 3437 220 3500 datos
241 3434 417 3516 percellunt
435 3451 498 3515 qua
522 3431 612 3510 tales,
629 3430 694 3492 sive
714 3429 747 3492 in
767 3428 876 3491 ordine
891 3423 932 3484 sd
944 3420 1063 3484 cultum

134 3527 410 3611 religiosum‚sive
424 3526 456 3590 in
476 3525 585 3590 ordine
602 3524 644 3586 sd
658 3525 774 3586 statum
791 3515 962 3601 politicum.
979 3513 1064 3590 Qua·
