2502 4130
168 281 228 344 310
380 295 609 342 rrsnrurronas
629 296 713 342 runis
735 293 888 342 1111111111.

207 441 309 514 Quare
335 441 504 520 Gregorius
530 459 675 520 maguus,
691 441 744 520 qui
777 444 808 501 et
835 440 902 518 ipse
925 439 1109 500 monachus
1212 440 1224 539 t

167 535 288 610 luerat,
305 534 419 595 horum
432 534 587 594 malorum
601 535 744 613 apprime
759 552 891 614 gnaruS,
906 533 994 592 circa.
1009 532 1109 593 finem

167 627 274 688 saeculi
289 629 340 688 vli
358 631 390 688 et
405 627 492 687 initio
506 629 582 704 vili,
600 627 696 706 coepit
710 627 867 687 nonnullis
879 627 912 685 in
931 625 1030 686 rebus
1043 626 1109 685 exi-

168 738 252 780 mere
276 720 447 781 monachos
471 720 511 781 ab
528 720 697 800 episcopali
719 719 956 800 jurisdictione,
978 737 1037 779 seu
1058 738 1108 779 re-

168 813 243 874 licta
268 813 422 893 episcopis
449 813 635 874 auctoritate
663 812 846 874 instituendi
880 812 1016 872 clericos
1048 830 1107 890 pro

168 907 293 968 servitio
307 906 510 967 ecclesiarum
524 907 764 982 monachorum,
782 905 901 966 ademit
914 905 992 984 ipsis
1007 906 1108 966 tacul-

167 1003 264 1060 tatem
279 999 395 1078 figendi
419 999 528 1059 sedem
552 999 763 1078 episcopalem
776 998 809 1058 in
832 998 974 1059 ecelesiis
995 1017 1108 1058 mona-

168 1092 317 1169 chorum,
337 1096 371 1152 ut
395 1091 437 1152 ihi
461 1111 551 1152 sacra
575 1092 727 1152 solemnia
740 1092 957 1164 celebrarent;
976 1091 1108 1152 abstulit

166 1184 344 1246 libertatem
359 1185 537 1245 assumendi
552 1183 724 1246 monachos
739 1185 772 1243 in
787 1184 916 1258 clerum,
934 1183 1107 1244 abhatibus

166 1277 370 1356 irrequisitis;
396 1278 472 1338 item
498 1281 529 1338 et
550 1277 733 1338 facultatem
753 1276 995 1337 administrandi
1020 1277 1107 1337 bona

165 1371 438 1431 monasteriorum.
456 1371 557 1456 Quare
572 1370 741 1430 introducti
757 1373 830 1430 suut
841 1369 973 1447 quidam
984 1369 1107 1430 limites

83 1495 88 1508 ·
166 1462 219 1544 qui
243 1462 445 1542 designarent
468 1462 542 1542 quid
559 1463 725 1542 episcopus
739 1466 864 1543 posset,
887 1463 962 1542 quid
979 1481 1057 1540 nou,
1073 1463 1107 1523 in

165 1555 337 1634 regulares,
352 1574 407 1616 seu
421 1555 494 1616 oriri
512 1559 674 1634 coeperunt
689 1555 835 1634 quaedam
849 1555 938 1616 initia
953 1559 985 1616 et
997 1557 1107 1635 primi-

165 1647 230 1709 tive
244 1649 365 1708 semina
383 1648 588 1726 exemptionis
610 1648 692 1708 illius
715 1667 785 1726 quae
803 1648 938 1724 deinde,
957 1649 1107 1727 sequenti

165 1739 306 1818 periodo,
326 1758 416 1800 suam
428 1740 585 1819 integram
600 1739 710 1801 habuit
724 1740 948 1801 evolutionem.

205 1831 267 1893 Sed
282 1839 447 1893 uenerant
463 1833 623 1912 regulares
634 1832 802 1894 substracti
815 1832 943 1894 omnino
956 1834 998 1894 ab
1020 1834 1105 1914 epis-

166 1925 237 2004 copi
245 1923 477 2006 jurisdiotione3
494 1927 593 1987 multo
603 1926 707 1986 minus
715 1925 876 1986 habebant
885 1929 1105 2006 statutumge-

166 2019 273 2080 nerale
284 2019 375 2081 dictae
392 2019 607 2097 exemptionis,
620 2019 676 2079 sed
689 2019 790 2080 solum
800 2018 994 2096 incipiebant
1010 2020 1063 2080 hie
1076 2023 1107 2082 et

165 2111 228 2172 illic
257 2111 349 2172 eximi
380 2111 572 2172 monasteria
596 2111 700 2190 quoad
726 2112 935 2172 nonnullaab
962 2113 1105 2192 episcopi

160 2202 388 2282 jurisdictione.
406 2207 447 2267 Ut
469 2205 738 2265 demonstraretur
757 2204 833 2282 quid
855 2207 963 2282 posset
980 2205 1106 2282 episco-

165 2313 235 2372 pua,
254 2297 327 2374 quid
344 2316 407 2358 non
419 2298 450 2356 in
462 2296 634 2376 regulares,
648 2296 900 2375 Glossographus
912 2295 998 2358 circa
1007 2299 1106 2359 finem

163 2387 269 2446 saeculi
282 2391 336 2448 Xll
347 2389 517 2468 quamdam
532 2388 649 2449 invexit
664 2388 896 2450 distinctionem
909 2388 983 2468 lepis
1002 2389 1106 2470 jarac-

164 2477 329 2540 diationico
343 2481 405 2562 lege
417 2481 585 2543 driccesoao.

204 2572 253 2634 Ad
267 2573 402 2652 primam
417 2574 540 2634 reduxit
564 2593 602 2634 ea
625 2574 730 2635 omnia
743 2592 812 2652 quae
827 2574 949 2652 integre
974 2593 1105 2636 reman-

165 2671 273 2726 serunt
300 2667 454 2746 episcopis
482 2667 514 2728 in
538 2668 722 2745 regulares3
747 2667 788 2727 ad
814 2667 1031 2728 dioecesanam
1064 2686 1104 2728 11

166 2758 272 2819 omnia
285 2760 317 2818 in
334 2761 446 2838 quibus
465 2760 627 2839 regulares
640 2761 767 2820 fuerunt
793 2760 1006 2839 abepiscopis
1026 2761 1103 2822 sub-

165 2851 284 2912 stracti.
308 2853 383 2922 Quae
394 2851 564 2929 distinctio,
586 2853 660 2913 lieet
676 2853 795 2912 nullam
810 2853 928 2913 habeat
942 2853 1103 2931 significa-

164 2947 300 3022 tionem,
322 2948 439 3022 tamen‚
466 2947 583 3026 quippe
610 2965 681 3006 eum
705 2945 813 3024 paucis
827 2946 933 3006 verbis
953 2965 1101 3024 compre-

165 3038 368 3114 henderetur,
384 3038 575 3099 unanimiter
589 3045 716 3118 recepta
729 3041 786 3098 est.
801 3040 902 3110 Quare
908 3039 1101 3117 generaliter

163 3132 298 3196 obtinuit
310 3131 370 3192 dici
380 3131 780 3212 regularessubjectosesse
789 3132 852 3210 legi
856 3112 1098 3212 jurisdictionis

162 3247 222 3290 non
239 3229 345 3286 autem
354 3225 416 3302 legi
433 3225 631 3286 dioecesanae.

202 3319 234 3379 4⁰
246 3318 449 3379 Gonsociatus
463 3316 587 3377 videtur
596 3335 654 3395 per
665 3317 747 3377 hanc
757 3317 922 3396 periodum
932 3317 1100 3380 clericatus

164 3411 378 3484 monachatui,
403 3428 466 3470 non
488 3409 615 3488 quidem
633 3409 849 3488 principaliter
873 3413 904 3471 et
932 3411 1097 3488 primaria,

164 3501 220 3556 sed
235 3500 420 3560 secundario
439 3504 471 3560 at
486 3502 678 3574 accessorio3
701 3505 808 3562 tamen
829 3521 891 3564 non
906 3503 1044 3582 amplius
1061 3523 1099 3564 ea
