<?xml version="1.0" encoding="UTF-8"?>
<!DOCTYPE html PUBLIC "-//W3C//DTD XHTML 1.0 Transitional//EN"
    "http://www.w3.org/TR/xhtml1/DTD/xhtml1-transitional.dtd">
<html xmlns="http://www.w3.org/1999/xhtml" xml:lang="en" lang="en">
 <head>
  <title>
</title>
<meta http-equiv="Content-Type" content="text/html;charset=utf-8" />
  <meta name='ocr-system' content='tesseract 3.04.00' />
  <meta name='ocr-capabilities' content='ocr_page ocr_carea ocr_par ocr_line ocrx_word'/>
</head>
<body>
  <div class='ocr_page' id='page_1' title='image "./institutionesju03marigoog_0081.png"; bbox 0 0 2518 4144; ppageno 0'>
   <div class='ocr_carea' id='block_1_1' title="bbox 321 365 1059 444">
    <p class='ocr_par' dir='ltr' id='par_1_1' title="bbox 321 365 1059 444">
     <span class='ocr_line' id='line_1_1' title="bbox 321 365 1059 444; baseline 0.008 -22"><span class='ocrx_word' id='word_1_1' title='bbox 321 373 427 422; x_wconf 82' lang='lat' dir='ltr'>meres</span> <span class='ocrx_word' id='word_1_2' title='bbox 448 375 600 444; x_wconf 76' lang='lat' dir='ltr'>sinemus</span> <span class='ocrx_word' id='word_1_3' title='bbox 620 375 703 422; x_wconf 82' lang='lat' dir='ltr'>rums</span> <span class='ocrx_word' id='word_1_4' title='bbox 725 375 878 424; x_wconf 75' lang='lat' dir='ltr'>circumi.</span> <span class='ocrx_word' id='word_1_5' title='bbox 1023 365 1059 428; x_wconf 85' lang='lat' dir='ltr'>&#39;ll</span> 
     </span>
    </p>
   </div>
   <div class='ocr_carea' id='block_1_2' title="bbox 132 513 1065 784">
    <p class='ocr_par' dir='ltr' id='par_1_2' title="bbox 132 513 1065 784">
     <span class='ocr_line' id='line_1_2' title="bbox 132 513 1063 602; baseline 0.009 -28"><span class='ocrx_word' id='word_1_6' title='bbox 132 532 211 574; x_wconf 87' lang='lat' dir='ltr'>num</span> <span class='ocrx_word' id='word_1_7' title='bbox 224 513 289 576; x_wconf 89' lang='lat' dir='ltr'>sive</span> <span class='ocrx_word' id='word_1_8' title='bbox 312 514 497 577; x_wconf 87' lang='lat' dir='ltr'>canonicum</span> <span class='ocrx_word' id='word_1_9' title='bbox 521 516 660 596; x_wconf 79' lang='lat' dir='ltr'>agnovit,</span> <span class='ocrx_word' id='word_1_10' title='bbox 687 517 742 580; x_wconf 86' lang='lat' dir='ltr'>sed</span> <span class='ocrx_word' id='word_1_11' title='bbox 767 517 854 580; x_wconf 86' lang='lat' dir='ltr'>vario</span> <span class='ocrx_word' id='word_1_12' title='bbox 877 519 971 582; x_wconf 88' lang='lat' dir='ltr'>modo</span> <span class='ocrx_word' id='word_1_13' title='bbox 991 541 998 582; x_wconf 92' lang='lat'>:</span> <span class='ocrx_word' id='word_1_14' title='bbox 1010 520 1063 602; x_wconf 88' lang='lat' dir='ltr'>jus</span> 
     </span>
     <span class='ocr_line' id='line_1_3' title="bbox 133 607 1062 692; baseline 0.011 -26"><span class='ocrx_word' id='word_1_15' title='bbox 133 607 218 666; x_wconf 89' lang='lat' dir='ltr'>enim</span> <span class='ocrx_word' id='word_1_16' title='bbox 232 607 321 668; x_wconf 89' lang='lat' dir='ltr'>civile</span> <span class='ocrx_word' id='word_1_17' title='bbox 332 627 498 670; x_wconf 89' lang='lat' dir='ltr'>romanum</span> <span class='ocrx_word' id='word_1_18' title='bbox 512 629 584 670; x_wconf 90' lang='lat' dir='ltr'>cum</span> <span class='ocrx_word' id='word_1_19' title='bbox 601 611 755 672; x_wconf 88' lang='lat' dir='ltr'>directum</span> <span class='ocrx_word' id='word_1_20' title='bbox 770 614 852 672; x_wconf 86' lang='lat' dir='ltr'>esset</span> <span class='ocrx_word' id='word_1_21' title='bbox 870 611 911 672; x_wconf 85' lang='lat' dir='ltr'>ad</span> <span class='ocrx_word' id='word_1_22' title='bbox 923 611 1062 692; x_wconf 80' lang='lat' dir='ltr'>regimen</span> 
     </span>
     <span class='ocr_line' id='line_1_4' title="bbox 132 700 1065 784; baseline 0.011 -26"><span class='ocrx_word' id='word_1_23' title='bbox 132 700 292 760; x_wconf 85' lang='lat' dir='ltr'>societatis</span> <span class='ocrx_word' id='word_1_24' title='bbox 305 719 458 780; x_wconf 79' lang='lat' dir='ltr'>paganae,</span> <span class='ocrx_word' id='word_1_25' title='bbox 483 721 552 781; x_wconf 83' lang='lat' dir='ltr'>quae</span> <span class='ocrx_word' id='word_1_26' title='bbox 572 721 635 764; x_wconf 93' lang='lat' dir='ltr'>non</span> <span class='ocrx_word' id='word_1_27' title='bbox 659 723 696 764; x_wconf 86' lang='lat' dir='ltr'>ex</span> <span class='ocrx_word' id='word_1_28' title='bbox 708 703 870 782; x_wconf 75' lang='lat' dir='ltr'>principiis</span> <span class='ocrx_word' id='word_1_29' title='bbox 887 703 1015 784; x_wconf 76' lang='lat' dir='ltr'>justitiae</span> <span class='ocrx_word' id='word_1_30' title='bbox 1033 709 1065 768; x_wconf 87' lang='lat' dir='ltr'>et</span> 
     </span>
    </p>
   </div>
   <div class='ocr_carea' id='block_1_3' title="bbox 38 792 1064 875">
    <p class='ocr_par' dir='ltr' id='par_1_3' title="bbox 38 792 1064 875">
     <span class='ocr_line' id='line_1_5' title="bbox 38 792 1064 875; baseline 0.007 -24"><span class='ocrx_word' id='word_1_31' title='bbox 38 831 43 838; x_wconf 88' lang='lat'><em>-</em></span> <span class='ocrx_word' id='word_1_32' title='bbox 133 792 307 854; x_wconf 69' lang='lat' dir='ltr'>honestatis</span> <span class='ocrx_word' id='word_1_33' title='bbox 321 795 503 873; x_wconf 83' lang='lat' dir='ltr'>regebatur,</span> <span class='ocrx_word' id='word_1_34' title='bbox 527 795 583 855; x_wconf 88' lang='lat' dir='ltr'>sed</span> <span class='ocrx_word' id='word_1_35' title='bbox 606 797 699 858; x_wconf 92' lang='lat' dir='ltr'>unico</span> <span class='ocrx_word' id='word_1_36' title='bbox 722 796 864 857; x_wconf 76' lang='lat' dir='ltr'>utilitatis</span> <span class='ocrx_word' id='word_1_37' title='bbox 883 799 1064 875; x_wconf 85' lang='lat' dir='ltr'>temporalis</span> 
     </span>
    </p>
   </div>
   <div class='ocr_carea' id='block_1_4' title="bbox 131 885 1068 3010">
    <p class='ocr_par' dir='ltr' id='par_1_4' title="bbox 131 885 1068 1525">
     <span class='ocr_line' id='line_1_6' title="bbox 132 885 1065 966; baseline 0.009 -22"><span class='ocrx_word' id='word_1_38' title='bbox 132 885 299 964; x_wconf 92' lang='lat' dir='ltr'>principio,</span> <span class='ocrx_word' id='word_1_39' title='bbox 312 887 374 966; x_wconf 87' lang='lat' dir='ltr'>jus,</span> <span class='ocrx_word' id='word_1_40' title='bbox 389 887 528 966; x_wconf 88' lang='lat' dir='ltr'>inquam,</span> <span class='ocrx_word' id='word_1_41' title='bbox 547 907 714 951; x_wconf 87' lang='lat' dir='ltr'>romanum</span> <span class='ocrx_word' id='word_1_42' title='bbox 729 893 849 950; x_wconf 86' lang='lat' dir='ltr'>tantam</span> <span class='ocrx_word' id='word_1_43' title='bbox 860 889 982 951; x_wconf 91' lang='lat' dir='ltr'>censuit</span> <span class='ocrx_word' id='word_1_44' title='bbox 997 908 1065 952; x_wconf 86' lang='lat' dir='ltr'>esse</span> 
     </span>
     <span class='ocr_line' id='line_1_7' title="bbox 132 979 1066 1062; baseline 0.006 -24"><span class='ocrx_word' id='word_1_45' title='bbox 132 979 268 1056; x_wconf 86' lang='lat' dir='ltr'>poenalis</span> <span class='ocrx_word' id='word_1_46' title='bbox 283 979 450 1041; x_wconf 79' lang='lat' dir='ltr'>sanctionis</span> <span class='ocrx_word' id='word_1_47' title='bbox 464 982 681 1043; x_wconf 86' lang='lat' dir='ltr'>necessitatem</span> <span class='ocrx_word' id='word_1_48' title='bbox 696 983 764 1044; x_wconf 89' lang='lat' dir='ltr'>utsi</span> <span class='ocrx_word' id='word_1_49' title='bbox 780 1001 875 1061; x_wconf 84' lang='lat' dir='ltr'>poena</span> <span class='ocrx_word' id='word_1_50' title='bbox 884 983 1066 1062; x_wconf 86' lang='lat' dir='ltr'>temporalis</span> 
     </span>
     <span class='ocr_line' id='line_1_8' title="bbox 131 1071 1067 1154; baseline 0.006 -24"><span class='ocrx_word' id='word_1_51' title='bbox 131 1071 196 1150; x_wconf 83' lang='lat' dir='ltr'>legi</span> <span class='ocrx_word' id='word_1_52' title='bbox 207 1090 270 1132; x_wconf 91' lang='lat' dir='ltr'>non</span> <span class='ocrx_word' id='word_1_53' title='bbox 282 1073 521 1152; x_wconf 87' lang='lat' dir='ltr'>essetapposita,</span> <span class='ocrx_word' id='word_1_54' title='bbox 531 1093 593 1154; x_wconf 88' lang='lat' dir='ltr'>qua</span> <span class='ocrx_word' id='word_1_55' title='bbox 602 1075 767 1136; x_wconf 84' lang='lat' dir='ltr'>violatores</span> <span class='ocrx_word' id='word_1_56' title='bbox 777 1081 1009 1154; x_wconf 81' lang='lat' dir='ltr'>coercerentur,</span> <span class='ocrx_word' id='word_1_57' title='bbox 1017 1076 1067 1138; x_wconf 82' lang='lat' dir='ltr'>lex</span> 
     </span>
     <span class='ocr_line' id='line_1_9' title="bbox 132 1164 1068 1247; baseline 0.007 -24"><span class='ocrx_word' id='word_1_58' title='bbox 132 1164 253 1224; x_wconf 88' lang='lat' dir='ltr'>inutilis</span> <span class='ocrx_word' id='word_1_59' title='bbox 275 1169 306 1225; x_wconf 87' lang='lat' dir='ltr'>et</span> <span class='ocrx_word' id='word_1_60' title='bbox 326 1165 469 1226; x_wconf 85' lang='lat' dir='ltr'>inelticax</span> <span class='ocrx_word' id='word_1_61' title='bbox 493 1167 652 1230; x_wconf 86' lang='lat' dir='ltr'>evaderet.</span> <span class='ocrx_word' id='word_1_62' title='bbox 677 1169 757 1240; x_wconf 84' lang='lat' dir='ltr'>Quid</span> <span class='ocrx_word' id='word_1_63' title='bbox 774 1168 858 1228; x_wconf 89' lang='lat' dir='ltr'>enim</span> <span class='ocrx_word' id='word_1_64' title='bbox 876 1169 1068 1247; x_wconf 80' lang='lat' dir='ltr'>profuissent</span> 
     </span>
     <span class='ocr_line' id='line_1_10' title="bbox 133 1259 1067 1337; baseline 0.004 -20"><span class='ocrx_word' id='word_1_65' title='bbox 133 1259 222 1337; x_wconf 84' lang='lat' dir='ltr'>leges</span> <span class='ocrx_word' id='word_1_66' title='bbox 239 1276 372 1336; x_wconf 89' lang='lat' dir='ltr'>quarum</span> <span class='ocrx_word' id='word_1_67' title='bbox 391 1259 534 1320; x_wconf 89' lang='lat' dir='ltr'>custodia</span> <span class='ocrx_word' id='word_1_68' title='bbox 549 1259 657 1322; x_wconf 87' lang='lat' dir='ltr'>relicta</span> <span class='ocrx_word' id='word_1_69' title='bbox 676 1265 758 1322; x_wconf 89' lang='lat' dir='ltr'>esset</span> <span class='ocrx_word' id='word_1_70' title='bbox 772 1261 969 1322; x_wconf 71' lang='lat' dir='ltr'>conscientiis</span> <span class='ocrx_word' id='word_1_71' title='bbox 986 1261 1067 1323; x_wconf 88' lang='lat' dir='ltr'>indi-</span> 
     </span>
     <span class='ocr_line' id='line_1_11' title="bbox 133 1349 1063 1432; baseline 0.006 -22"><span class='ocrx_word' id='word_1_72' title='bbox 133 1349 316 1428; x_wconf 86' lang='lat' dir='ltr'>viduorum,</span> <span class='ocrx_word' id='word_1_73' title='bbox 337 1351 390 1412; x_wconf 92' lang='lat' dir='ltr'>ubi</span> <span class='ocrx_word' id='word_1_74' title='bbox 415 1353 549 1431; x_wconf 92' lang='lat' dir='ltr'>populus</span> <span class='ocrx_word' id='word_1_75' title='bbox 570 1353 656 1413; x_wconf 88' lang='lat' dir='ltr'>nulla</span> <span class='ocrx_word' id='word_1_76' title='bbox 669 1353 738 1432; x_wconf 80' lang='lat' dir='ltr'>lege</span> <span class='ocrx_word' id='word_1_77' title='bbox 758 1353 863 1415; x_wconf 85' lang='lat' dir='ltr'>divina</span> <span class='ocrx_word' id='word_1_78' title='bbox 884 1354 1063 1430; x_wconf 88' lang='lat' dir='ltr'>instructus,</span> 
     </span>
     <span class='ocr_line' id='line_1_12' title="bbox 132 1443 1013 1525; baseline 0.003 -21"><span class='ocrx_word' id='word_1_79' title='bbox 132 1443 187 1504; x_wconf 86' lang='lat' dir='ltr'>vix</span> <span class='ocrx_word' id='word_1_80' title='bbox 198 1443 387 1520; x_wconf 89' lang='lat' dir='ltr'>opinabatur</span> <span class='ocrx_word' id='word_1_81' title='bbox 396 1445 534 1506; x_wconf 88' lang='lat' dir='ltr'>animam</span> <span class='ocrx_word' id='word_1_82' title='bbox 553 1445 693 1524; x_wconf 91' lang='lat' dir='ltr'>corporis</span> <span class='ocrx_word' id='word_1_83' title='bbox 712 1465 779 1508; x_wconf 89' lang='lat' dir='ltr'>esse</span> <span class='ocrx_word' id='word_1_84' title='bbox 792 1447 1013 1525; x_wconf 85' lang='lat' dir='ltr'>superstitem?</span> 
     </span>
    </p>

    <p class='ocr_par' dir='ltr' id='par_1_5' title="bbox 131 1536 1068 2357">
     <span class='ocr_line' id='line_1_13' title="bbox 175 1536 1064 1618; baseline 0.001 -20"><span class='ocrx_word' id='word_1_85' title='bbox 175 1537 238 1598; x_wconf 90' lang='lat' dir='ltr'>Sed</span> <span class='ocrx_word' id='word_1_86' title='bbox 251 1536 400 1613; x_wconf 82' lang='lat' dir='ltr'>Ecclesia,</span> <span class='ocrx_word' id='word_1_87' title='bbox 418 1556 487 1617; x_wconf 82' lang='lat' dir='ltr'>quae</span> <span class='ocrx_word' id='word_1_88' title='bbox 507 1538 595 1600; x_wconf 89' lang='lat' dir='ltr'>novit</span> <span class='ocrx_word' id='word_1_89' title='bbox 607 1557 660 1600; x_wconf 89' lang='lat' dir='ltr'>eos</span> <span class='ocrx_word' id='word_1_90' title='bbox 679 1539 731 1618; x_wconf 91' lang='lat' dir='ltr'>qui</span> <span class='ocrx_word' id='word_1_91' title='bbox 747 1538 893 1600; x_wconf 84' lang='lat' dir='ltr'>resistant</span> <span class='ocrx_word' id='word_1_92' title='bbox 907 1539 1064 1618; x_wconf 81' lang='lat' dir='ltr'>potestati,</span> 
     </span>
     <span class='ocr_line' id='line_1_14' title="bbox 132 1629 1066 1711; baseline 0.002 -21"><span class='ocrx_word' id='word_1_93' title='bbox 132 1629 190 1690; x_wconf 90' lang='lat' dir='ltr'>Dei</span> <span class='ocrx_word' id='word_1_94' title='bbox 204 1629 392 1690; x_wconf 88' lang='lat' dir='ltr'>ordinationi</span> <span class='ocrx_word' id='word_1_95' title='bbox 408 1630 564 1709; x_wconf 88' lang='lat' dir='ltr'>resistere,</span> <span class='ocrx_word' id='word_1_96' title='bbox 590 1653 604 1688; x_wconf 81' lang='lat' dir='ltr'>c</span> <span class='ocrx_word' id='word_1_97' title='bbox 617 1650 679 1692; x_wconf 93' lang='lat' dir='ltr'>non</span> <span class='ocrx_word' id='word_1_98' title='bbox 697 1635 744 1692; x_wconf 91' lang='lat' dir='ltr'>est</span> <span class='ocrx_word' id='word_1_99' title='bbox 758 1631 992 1711; x_wconf 88' lang='lat' dir='ltr'>enimpotestas</span> <span class='ocrx_word' id='word_1_100' title='bbox 1007 1633 1066 1692; x_wconf 90' lang='lat' dir='ltr'>nisi</span> 
     </span>
     <span class='ocr_line' id='line_1_15' title="bbox 132 1724 1067 1798; baseline 0.004 -16"><span class='ocrx_word' id='word_1_101' title='bbox 132 1743 153 1782; x_wconf 90' lang='lat' dir='ltr'>a</span> <span class='ocrx_word' id='word_1_102' title='bbox 169 1724 259 1782; x_wconf 85' lang='lat' dir='ltr'>Deol</span> <span class='ocrx_word' id='word_1_103' title='bbox 282 1744 312 1798; x_wconf 80' lang='lat' dir='ltr'>u,</span> <span class='ocrx_word' id='word_1_104' title='bbox 332 1725 481 1784; x_wconf 75' lang='lat' dir='ltr'>{eternam</span> <span class='ocrx_word' id='word_1_105' title='bbox 495 1727 603 1784; x_wconf 91' lang='lat' dir='ltr'>autem</span> <span class='ocrx_word' id='word_1_106' title='bbox 625 1724 769 1785; x_wconf 91' lang='lat' dir='ltr'>omnibus</span> <span class='ocrx_word' id='word_1_107' title='bbox 786 1743 914 1785; x_wconf 88' lang='lat' dir='ltr'>manere</span> <span class='ocrx_word' id='word_1_108' title='bbox 931 1725 1067 1786; x_wconf 88' lang='lat' dir='ltr'>sanctio-</span> 
     </span>
     <span class='ocr_line' id='line_1_16' title="bbox 131 1816 1067 1894; baseline 0.002 -19"><span class='ocrx_word' id='word_1_109' title='bbox 131 1834 218 1892; x_wconf 89' lang='lat' dir='ltr'>nem,</span> <span class='ocrx_word' id='word_1_110' title='bbox 230 1818 396 1894; x_wconf 84' lang='lat' dir='ltr'>postquam</span> <span class='ocrx_word' id='word_1_111' title='bbox 410 1816 627 1894; x_wconf 65' lang='lat' dir='ltr'>repraesentari</span> <span class='ocrx_word' id='word_1_112' title='bbox 643 1816 827 1878; x_wconf 88' lang='lat' dir='ltr'>debebimus</span> <span class='ocrx_word' id='word_1_113' title='bbox 842 1821 914 1880; x_wconf 85' lang='lat' dir='ltr'>aute</span> <span class='ocrx_word' id='word_1_114' title='bbox 929 1816 1067 1879; x_wconf 88' lang='lat' dir='ltr'>tribunal</span> 
     </span>
     <span class='ocr_line' id='line_1_17' title="bbox 132 1907 1068 1989; baseline 0.001 -20"><span class='ocrx_word' id='word_1_115' title='bbox 132 1907 260 1984; x_wconf 84' lang='lat' dir='ltr'>Christi,</span> <span class='ocrx_word' id='word_1_116' title='bbox 286 1911 321 1968; x_wconf 94' lang='lat' dir='ltr'>ut</span> <span class='ocrx_word' id='word_1_117' title='bbox 334 1909 389 1969; x_wconf 89' lang='lat' dir='ltr'>fiat</span> <span class='ocrx_word' id='word_1_118' title='bbox 410 1908 579 1988; x_wconf 92' lang='lat' dir='ltr'>unicuique</span> <span class='ocrx_word' id='word_1_119' title='bbox 598 1909 772 1970; x_wconf 87' lang='lat' dir='ltr'>secundum</span> <span class='ocrx_word' id='word_1_120' title='bbox 793 1928 892 1988; x_wconf 85' lang='lat' dir='ltr'>opera</span> <span class='ocrx_word' id='word_1_121' title='bbox 905 1909 993 1989; x_wconf 77' lang='lat' dir='ltr'>cjuS,</span> <span class='ocrx_word' id='word_1_122' title='bbox 1008 1911 1068 1970; x_wconf 90' lang='lat' dir='ltr'>Ec-</span> 
     </span>
     <span class='ocr_line' id='line_1_18' title="bbox 133 1999 1068 2080; baseline -0.001 -19"><span class='ocrx_word' id='word_1_123' title='bbox 133 1999 249 2076; x_wconf 88' lang='lat' dir='ltr'>clesia,</span> <span class='ocrx_word' id='word_1_124' title='bbox 278 1999 429 2080; x_wconf 90' lang='lat' dir='ltr'>iuquam,</span> <span class='ocrx_word' id='word_1_125' title='bbox 455 2001 503 2062; x_wconf 85' lang='lat' dir='ltr'>his</span> <span class='ocrx_word' id='word_1_126' title='bbox 522 2001 644 2062; x_wconf 89' lang='lat' dir='ltr'>imbuta</span> <span class='ocrx_word' id='word_1_127' title='bbox 664 2001 836 2080; x_wconf 84' lang='lat' dir='ltr'>principiis,</span> <span class='ocrx_word' id='word_1_128' title='bbox 853 2001 971 2061; x_wconf 91' lang='lat' dir='ltr'>nullam</span> <span class='ocrx_word' id='word_1_129' title='bbox 989 1999 1068 2062; x_wconf 84' lang='lat' dir='ltr'>vidit</span> 
     </span>
     <span class='ocr_line' id='line_1_19' title="bbox 132 2091 1067 2171; baseline 0 -19"><span class='ocrx_word' id='word_1_130' title='bbox 132 2091 352 2154; x_wconf 87' lang='lat' dir='ltr'>necessitatem</span> <span class='ocrx_word' id='word_1_131' title='bbox 370 2092 551 2171; x_wconf 84' lang='lat' dir='ltr'>temporalis</span> <span class='ocrx_word' id='word_1_132' title='bbox 566 2093 734 2154; x_wconf 86' lang='lat' dir='ltr'>sanctionis</span> <span class='ocrx_word' id='word_1_133' title='bbox 752 2097 788 2154; x_wconf 89' lang='lat' dir='ltr'>ut</span> <span class='ocrx_word' id='word_1_134' title='bbox 800 2092 851 2152; x_wconf 84' lang='lat' dir='ltr'>lex</span> <span class='ocrx_word' id='word_1_135' title='bbox 870 2111 962 2152; x_wconf 87' lang='lat' dir='ltr'>suum</span> <span class='ocrx_word' id='word_1_136' title='bbox 977 2093 1067 2152; x_wconf 83' lang='lat' dir='ltr'>ellec-</span> 
     </span>
     <span class='ocr_line' id='line_1_20' title="bbox 132 2183 1065 2264; baseline -0.004 -18"><span class='ocrx_word' id='word_1_137' title='bbox 132 2189 203 2246; x_wconf 90' lang='lat' dir='ltr'>tum</span> <span class='ocrx_word' id='word_1_138' title='bbox 211 2185 359 2264; x_wconf 90' lang='lat' dir='ltr'>consequi</span> <span class='ocrx_word' id='word_1_139' title='bbox 367 2189 482 2263; x_wconf 89' lang='lat' dir='ltr'>posset.</span> <span class='ocrx_word' id='word_1_140' title='bbox 491 2185 651 2247; x_wconf 90' lang='lat' dir='ltr'>Namlicet</span> <span class='ocrx_word' id='word_1_141' title='bbox 659 2184 822 2263; x_wconf 88' lang='lat' dir='ltr'>temporali</span> <span class='ocrx_word' id='word_1_142' title='bbox 833 2183 1065 2258; x_wconf 87' lang='lat' dir='ltr'>destitueretur,</span> 
     </span>
     <span class='ocr_line' id='line_1_21' title="bbox 133 2277 612 2357; baseline 0.01 -20"><span class='ocrx_word' id='word_1_143' title='bbox 133 2281 254 2338; x_wconf 86' lang='lat' dir='ltr'>aeterna</span> <span class='ocrx_word' id='word_1_144' title='bbox 266 2277 424 2357; x_wconf 86' lang='lat' dir='ltr'>gaudebat</span> <span class='ocrx_word' id='word_1_145' title='bbox 438 2279 612 2342; x_wconf 88' lang='lat' dir='ltr'>sanctione.</span> 
     </span>
    </p>

    <p class='ocr_par' dir='ltr' id='par_1_6' title="bbox 132 2367 1067 2730">
     <span class='ocr_line' id='line_1_22' title="bbox 175 2367 1067 2451; baseline 0 -21"><span class='ocrx_word' id='word_1_146' title='bbox 175 2372 213 2432; x_wconf 89' lang='lat' dir='ltr'>ll.</span> <span class='ocrx_word' id='word_1_147' title='bbox 238 2373 354 2432; x_wconf 87' lang='lat' dir='ltr'>Verum</span> <span class='ocrx_word' id='word_1_148' title='bbox 379 2391 450 2432; x_wconf 90' lang='lat' dir='ltr'>cum</span> <span class='ocrx_word' id='word_1_149' title='bbox 474 2391 537 2434; x_wconf 91' lang='lat' dir='ltr'>non</span> <span class='ocrx_word' id='word_1_150' title='bbox 560 2389 669 2434; x_wconf 90' lang='lat' dir='ltr'>omnes</span> <span class='ocrx_word' id='word_1_151' title='bbox 693 2369 846 2451; x_wconf 73' lang='lat' dir='ltr'>gehennae</span> <span class='ocrx_word' id='word_1_152' title='bbox 868 2372 970 2432; x_wconf 90' lang='lat' dir='ltr'>metus</span> <span class='ocrx_word' id='word_1_153' title='bbox 992 2367 1067 2432; x_wconf 87' lang='lat' dir='ltr'>satis</span> 
     </span>
     <span class='ocr_line' id='line_1_23' title="bbox 133 2463 1067 2544; baseline -0.002 -18"><span class='ocrx_word' id='word_1_154' title='bbox 133 2467 290 2540; x_wconf 88' lang='lat' dir='ltr'>coerceat,</span> <span class='ocrx_word' id='word_1_155' title='bbox 307 2467 342 2524; x_wconf 91' lang='lat' dir='ltr'>ut</span> <span class='ocrx_word' id='word_1_156' title='bbox 358 2465 459 2542; x_wconf 72' lang='lat' dir='ltr'>paenis</span> <span class='ocrx_word' id='word_1_157' title='bbox 471 2465 706 2544; x_wconf 86' lang='lat' dir='ltr'>temporalibus,</span> <span class='ocrx_word' id='word_1_158' title='bbox 724 2468 859 2526; x_wconf 72' lang='lat' dir='ltr'>eternas</span> <span class='ocrx_word' id='word_1_159' title='bbox 878 2481 989 2542; x_wconf 76' lang='lat' dir='ltr'>peenas</span> <span class='ocrx_word' id='word_1_160' title='bbox 1007 2463 1067 2524; x_wconf 89' lang='lat' dir='ltr'>illis</span> 
     </span>
     <span class='ocr_line' id='line_1_24' title="bbox 132 2555 1067 2638; baseline -0.002 -21"><span class='ocrx_word' id='word_1_161' title='bbox 132 2560 363 2637; x_wconf 84' lang='lat' dir='ltr'>praemonstret,</span> <span class='ocrx_word' id='word_1_162' title='bbox 379 2575 495 2638; x_wconf 86' lang='lat' dir='ltr'>eosque</span> <span class='ocrx_word' id='word_1_163' title='bbox 514 2557 612 2618; x_wconf 88' lang='lat' dir='ltr'>abeis</span> <span class='ocrx_word' id='word_1_164' title='bbox 632 2560 770 2634; x_wconf 84' lang='lat' dir='ltr'>avertat,</span> <span class='ocrx_word' id='word_1_165' title='bbox 785 2556 856 2618; x_wconf 90' lang='lat' dir='ltr'>ideo</span> <span class='ocrx_word' id='word_1_166' title='bbox 877 2559 909 2618; x_wconf 89' lang='lat' dir='ltr'>et</span> <span class='ocrx_word' id='word_1_167' title='bbox 927 2555 1067 2618; x_wconf 78' lang='lat' dir='ltr'>Ecclesia</span> 
     </span>
     <span class='ocr_line' id='line_1_25' title="bbox 133 2650 613 2730; baseline 0 -18"><span class='ocrx_word' id='word_1_168' title='bbox 133 2650 360 2730; x_wconf 88' lang='lat' dir='ltr'>temporalibus</span> <span class='ocrx_word' id='word_1_169' title='bbox 372 2650 475 2729; x_wconf 87' lang='lat' dir='ltr'>poenis</span> <span class='ocrx_word' id='word_1_170' title='bbox 487 2670 545 2713; x_wconf 88' lang='lat' dir='ltr'>usa</span> <span class='ocrx_word' id='word_1_171' title='bbox 557 2655 613 2714; x_wconf 88' lang='lat' dir='ltr'>est.</span> 
     </span>
    </p>

    <p class='ocr_par' dir='ltr' id='par_1_7' title="bbox 132 2741 1068 2918">
     <span class='ocr_line' id='line_1_26' title="bbox 175 2741 1068 2824; baseline -0.002 -18"><span class='ocrx_word' id='word_1_172' title='bbox 175 2747 231 2806; x_wconf 82' lang='lat' dir='ltr'>Hae</span> <span class='ocrx_word' id='word_1_173' title='bbox 249 2763 323 2805; x_wconf 80' lang='lat' dir='ltr'>uero</span> <span class='ocrx_word' id='word_1_174' title='bbox 346 2743 479 2822; x_wconf 89' lang='lat' dir='ltr'>duplicis</span> <span class='ocrx_word' id='word_1_175' title='bbox 498 2743 622 2824; x_wconf 82' lang='lat' dir='ltr'>generis</span> <span class='ocrx_word' id='word_1_176' title='bbox 637 2746 710 2806; x_wconf 90' lang='lat' dir='ltr'>sunt</span> <span class='ocrx_word' id='word_1_177' title='bbox 724 2764 731 2804; x_wconf 78' lang='grc' dir='ltr'>ε</span> <span class='ocrx_word' id='word_1_178' title='bbox 747 2742 818 2804; x_wconf 79' lang='lat' dir='ltr'>aliae</span> <span class='ocrx_word' id='word_1_179' title='bbox 835 2759 905 2823; x_wconf 83' lang='lat' dir='ltr'>quae</span> <span class='ocrx_word' id='word_1_180' title='bbox 920 2741 980 2804; x_wconf 89' lang='lat' dir='ltr'>dici</span> <span class='ocrx_word' id='word_1_181' title='bbox 995 2760 1068 2822; x_wconf 89' lang='lat' dir='ltr'>pos-</span> 
     </span>
     <span class='ocr_line' id='line_1_27' title="bbox 132 2836 935 2918; baseline -0.001 -18"><span class='ocrx_word' id='word_1_182' title='bbox 132 2841 208 2900; x_wconf 90' lang='lat' dir='ltr'>sunt</span> <span class='ocrx_word' id='word_1_183' title='bbox 217 2837 379 2918; x_wconf 82' lang='lat' dir='ltr'>corporales</span> <span class='ocrx_word' id='word_1_184' title='bbox 388 2856 402 2914; x_wconf 84' lang='lat'>,·</span> <span class='ocrx_word' id='word_1_185' title='bbox 417 2837 486 2899; x_wconf 86' lang='lat' dir='ltr'>aliae</span> <span class='ocrx_word' id='word_1_186' title='bbox 496 2856 572 2900; x_wconf 89' lang='lat' dir='ltr'>vero</span> <span class='ocrx_word' id='word_1_187' title='bbox 586 2855 656 2918; x_wconf 81' lang='lat' dir='ltr'>quas</span> <span class='ocrx_word' id='word_1_188' title='bbox 665 2836 833 2917; x_wconf 81' lang='lat' dir='ltr'>spirituales</span> <span class='ocrx_word' id='word_1_189' title='bbox 843 2839 935 2898; x_wconf 89' lang='lat' dir='ltr'>suut:</span> 
     </span>
    </p>

    <p class='ocr_par' dir='ltr' id='par_1_8' title="bbox 175 2929 1066 3010">
     <span class='ocr_line' id='line_1_28' title="bbox 175 2929 1066 3010; baseline -0.002 -18"><span class='ocrx_word' id='word_1_190' title='bbox 175 2931 349 3010; x_wconf 79' lang='lat' dir='ltr'>Corporales</span> <span class='ocrx_word' id='word_1_191' title='bbox 373 2931 450 2992; x_wconf 91' lang='lat' dir='ltr'>nihil</span> <span class='ocrx_word' id='word_1_192' title='bbox 474 2931 559 2991; x_wconf 89' lang='lat' dir='ltr'>aliud</span> <span class='ocrx_word' id='word_1_193' title='bbox 583 2935 655 2991; x_wconf 89' lang='lat' dir='ltr'>suut</span> <span class='ocrx_word' id='word_1_194' title='bbox 682 2929 740 2990; x_wconf 85' lang='lat' dir='ltr'>nisi</span> <span class='ocrx_word' id='word_1_195' title='bbox 764 2930 915 2991; x_wconf 91' lang='lat' dir='ltr'>damnum</span> <span class='ocrx_word' id='word_1_196' title='bbox 934 2947 1066 3009; x_wconf 90' lang='lat' dir='ltr'>corpore</span> 
     </span>
    </p>
   </div>
   <div class='ocr_carea' id='block_1_5' title="bbox 132 3021 1070 3474">
    <p class='ocr_par' dir='ltr' id='par_1_9' title="bbox 132 3021 1070 3474">
     <span class='ocr_line' id='line_1_29' title="bbox 132 3021 1067 3106; baseline -0.005 -20"><span class='ocrx_word' id='word_1_197' title='bbox 132 3023 288 3106; x_wconf 85' lang='lat' dir='ltr'>passionis</span> <span class='ocrx_word' id='word_1_198' title='bbox 300 3024 350 3084; x_wconf 82' lang='lat' dir='ltr'>rel</span> <span class='ocrx_word' id='word_1_199' title='bbox 362 3023 544 3102; x_wconf 86' lang='lat' dir='ltr'>privationis</span> <span class='ocrx_word' id='word_1_200' title='bbox 559 3027 686 3102; x_wconf 74' lang='lat' dir='ltr'>proptm</span> <span class='ocrx_word' id='word_1_201' title='bbox 700 3026 851 3084; x_wconf 87' lang='lat' dir='ltr'>damnum</span> <span class='ocrx_word' id='word_1_202' title='bbox 871 3022 1002 3085; x_wconf 88' lang='lat' dir='ltr'>actionis</span> <span class='ocrx_word' id='word_1_203' title='bbox 1017 3021 1067 3083; x_wconf 89' lang='lat' dir='ltr'>vel</span> 
     </span>
     <span class='ocr_line' id='line_1_30' title="bbox 133 3115 1066 3196; baseline -0.006 -17"><span class='ocrx_word' id='word_1_204' title='bbox 133 3117 311 3180; x_wconf 88' lang='lat' dir='ltr'>omissionis</span> <span class='ocrx_word' id='word_1_205' title='bbox 327 3117 459 3178; x_wconf 87' lang='lat' dir='ltr'>illatum.</span> <span class='ocrx_word' id='word_1_206' title='bbox 483 3117 558 3177; x_wconf 83' lang='lat' dir='ltr'>&#39;lale</span> <span class='ocrx_word' id='word_1_207' title='bbox 572 3135 671 3194; x_wconf 83' lang='lat' dir='ltr'>genus</span> <span class='ocrx_word' id='word_1_208' title='bbox 686 3134 853 3195; x_wconf 87' lang='lat' dir='ltr'>poenarum</span> <span class='ocrx_word' id='word_1_209' title='bbox 866 3120 897 3177; x_wconf 92' lang='lat' dir='ltr'>et</span> <span class='ocrx_word' id='word_1_210' title='bbox 908 3115 960 3196; x_wconf 89' lang='lat' dir='ltr'>jus</span> <span class='ocrx_word' id='word_1_211' title='bbox 976 3115 1066 3177; x_wconf 85' lang='lat' dir='ltr'>civile</span> 
     </span>
     <span class='ocr_line' id='line_1_31' title="bbox 133 3207 1066 3289; baseline -0.004 -17"><span class='ocrx_word' id='word_1_212' title='bbox 133 3212 246 3284; x_wconf 86' lang='lat' dir='ltr'>habet;</span> <span class='ocrx_word' id='word_1_213' title='bbox 264 3211 394 3288; x_wconf 90' lang='lat' dir='ltr'>proinde</span> <span class='ocrx_word' id='word_1_214' title='bbox 407 3209 546 3272; x_wconf 81' lang='lat' dir='ltr'>Ecclesia</span> <span class='ocrx_word' id='word_1_215' title='bbox 556 3209 593 3269; x_wconf 89' lang='lat' dir='ltr'>iis</span> <span class='ocrx_word' id='word_1_216' title='bbox 608 3228 670 3271; x_wconf 92' lang='lat' dir='ltr'>non</span> <span class='ocrx_word' id='word_1_217' title='bbox 685 3209 782 3270; x_wconf 91' lang='lat' dir='ltr'>utitur</span> <span class='ocrx_word' id='word_1_218' title='bbox 793 3212 945 3289; x_wconf 87' lang='lat' dir='ltr'>tanquam</span> <span class='ocrx_word' id='word_1_219' title='bbox 955 3207 1066 3268; x_wconf 85' lang='lat' dir='ltr'>mediis</span> 
     </span>
     <span class='ocr_line' id='line_1_32' title="bbox 133 3301 1066 3383; baseline -0.006 -19"><span class='ocrx_word' id='word_1_220' title='bbox 133 3304 192 3364; x_wconf 90' lang='lat' dir='ltr'>sibi</span> <span class='ocrx_word' id='word_1_221' title='bbox 206 3303 341 3382; x_wconf 89' lang='lat' dir='ltr'>propriis</span> <span class='ocrx_word' id='word_1_222' title='bbox 352 3307 383 3364; x_wconf 90' lang='lat' dir='ltr'>et</span> <span class='ocrx_word' id='word_1_223' title='bbox 392 3303 614 3383; x_wconf 66' lang='lat' dir='ltr'>singularibus</span> <span class='ocrx_word' id='word_1_224' title='bbox 627 3303 682 3362; x_wconf 89' lang='lat' dir='ltr'>sed</span> <span class='ocrx_word' id='word_1_225' title='bbox 695 3305 846 3382; x_wconf 89' lang='lat' dir='ltr'>tanquam</span> <span class='ocrx_word' id='word_1_226' title='bbox 861 3301 973 3362; x_wconf 89' lang='lat' dir='ltr'>mediis</span> <span class='ocrx_word' id='word_1_227' title='bbox 984 3316 1066 3360; x_wconf 90' lang='lat' dir='ltr'>com-</span> 
     </span>
     <span class='ocr_line' id='line_1_33' title="bbox 132 3389 1070 3474; baseline -0.004 -16"><span class='ocrx_word' id='word_1_228' title='bbox 132 3398 294 3474; x_wconf 89' lang='lat' dir='ltr'>munibus,</span> <span class='ocrx_word' id='word_1_229' title='bbox 318 3395 477 3457; x_wconf 88' lang='lat' dir='ltr'>indirectis</span> <span class='ocrx_word' id='word_1_230' title='bbox 500 3399 532 3457; x_wconf 91' lang='lat' dir='ltr'>et</span> <span class='ocrx_word' id='word_1_231' title='bbox 550 3395 752 3456; x_wconf 76' lang='lat' dir='ltr'>secundariis</span> <span class='ocrx_word' id='word_1_232' title='bbox 782 3395 884 3455; x_wconf 87' lang='lat' dir='ltr'>Habet</span> <span class='ocrx_word' id='word_1_233' title='bbox 905 3392 988 3454; x_wconf 93' lang='lat' dir='ltr'>enim</span> <span class='ocrx_word' id='word_1_234' title='bbox 1014 3389 1070 3454; x_wconf 80' lang='lat' dir='ltr'>ills</span> 
     </span>
    </p>
   </div>
   <div class='ocr_carea' id='block_1_6' title="bbox 165 3615 365 3684">
    <p class='ocr_par' dir='ltr' id='par_1_10' title="bbox 165 3615 365 3684">
     <span class='ocr_line' id='line_1_34' title="bbox 165 3615 365 3684; baseline 0 -18"><span class='ocrx_word' id='word_1_235' title='bbox 165 3619 170 3646; x_wconf 90' lang='lat'><strong>¹</strong></span> <span class='ocrx_word' id='word_1_236' title='bbox 188 3615 266 3666; x_wconf 83' lang='lat' dir='ltr'>Rom.</span> <span class='ocrx_word' id='word_1_237' title='bbox 279 3625 326 3684; x_wconf 81' lang='lat' dir='ltr'>xu,</span> <span class='ocrx_word' id='word_1_238' title='bbox 344 3616 365 3666; x_wconf 86' lang='lat' dir='ltr'>l.</span> 
     </span>
    </p>
   </div>
   <div class='ocr_carea' id='block_1_7' title="bbox 0 0 1268 4144">
    <p class='ocr_par' dir='ltr' id='par_1_11' title="bbox 0 0 1268 4144">
     <span class='ocr_line' id='line_1_35' title="bbox 0 0 1268 4144; baseline 0 0"><span class='ocrx_word' id='word_1_239' title='bbox 0 0 1268 4144; x_wconf 95' lang='lat' dir='ltr'> </span> 
     </span>
    </p>
   </div>
  </div>
 </body>
</html>
