2502 4130
317 379 374 426 *ns
396 351 526 427 cursuro
546 379 629 428 roris
653 381 808 428 concurri.
981 367 1039 429 313

98 524 242 602 bantur,
259 527 290 586 et
303 525 347 586 ita
369 525 453 587 intra
471 527 659 589 domesticas
674 527 758 588 redes
779 527 877 588 vitam
896 526 1040 588 traduce-

98 618 195 694 bant,
206 617 239 677 in
249 619 383 680 multum
394 638 457 680 nori
473 620 655 682 dissimilem
666 621 706 681 ab
717 639 755 681 ea
768 639 864 701 quam
875 619 1040 698 posteriori

100 713 250 790 tempore
264 711 416 772 moniales
431 714 616 792 amplexatae
634 717 717 775 sunt.

145 804 238 875 Quod
261 803 439 865 institutum
453 806 554 885 primo
570 825 627 885 pro
642 806 831 886 virginibus,
848 805 921 866 inde
946 805 1040 867 etiam

102 897 148 958 ad
164 895 276 957 viduos
290 901 473 976 protensum
486 903 544 976 est,
560 917 630 978 quae
646 918 770 978 nempe,
791 899 858 960 viro
874 899 1039 974 defuncte,

102 991 149 1052 ad
163 989 263 1050 instar
277 989 433 1069 virginum
446 1011 608 1052 sacrarum
618 993 805 1053 velabantur
818 995 854 1053 ut
863 992 1041 1053 caelibatum

102 1083 304 1164 propositum
327 1089 499 1146 servarent.
526 1088 644 1146 Tamen
668 1085 770 1146 honor
795 1085 848 1145 ille
865 1083 1041 1164 virginibus

89 1180 287 1238 ⁴reservatus
307 1181 354 1238 est
384 1179 469 1258 quod
489 1178 627 1258 virgines
648 1179 754 1240 velum
776 1178 978 1239 benedictum
1001 1177 1040 1238 de

102 1288 205 1330 manu
220 1270 356 1350 episcopi
374 1271 529 1332 haherent
541 1271 735 1350 impositum,
745 1270 849 1333 viduae
864 1289 939 1332 vero
955 1289 1038 1332 non:

101 1362 309 1424 benedictum
324 1363 381 1424 sihi
396 1364 571 1426 voluntarie
586 1365 794 1444 imponerent.

150 1455 213 1516 Sed
240 1455 307 1518 haec
331 1475 408 1518 vera
443 1458 586 1519 instituta
609 1458 768 1537 regularia
794 1476 857 1520 non
879 1462 962 1536 sunt,
986 1457 1041 1518 sed

103 1548 213 1628 potius
229 1550 374 1628 quaedam
392 1551 586 1630 primordia,
613 1552 760 1631 quaedam
784 1555 907 1614 remota
921 1551 1042 1612 semina

103 1642 332 1722 institutorum,
350 1663 420 1725 quae
435 1645 578 1724 sequenti
591 1645 714 1724 epocha
726 1648 952 1724 apparuerunt.

464 1847 639 1894 nnrlcotos'
654 1848 689 1894 11.

143 2001 189 2064 De
201 2001 345 2082 relipiosis
359 2001 503 2064 institutis
515 2012 583 2085 post
597 2002 755 2066 Deciorum
762 2005 1003 2084 persecutionem.

151 2177 202 2238 lV.
226 2177 314 2236 Hanc
328 2177 481 2255 epocham
495 2175 785 2256 subdistinguemus
799 2177 831 2237 in
847 2181 982 2257 quatuor
991 2197 1043 2257 pe·

106 2268 216 2330 nodos
231 2269 428 2331 subalternas
445 2291 451 2332 :
471 2274 529 2330 l‘a
542 2270 680 2330 Deciana
694 2270 910 2351 persecutione
930 2270 971 2331 ad
985 2289 1044 2332 sae-
1114 2344 1120 2348 ,

107 2362 216 2422 culum
235 2367 357 2423 sextum
379 2363 512 2442 (epocha
532 2363 740 2424 monachismi
765 2362 956 2444 orientalis);
981 2369 1045 2426 tha

107 2455 225 2516 saeculo
248 2459 334 2517 sexto
355 2457 395 2517 ad
411 2457 561 2518 saeculum
575 2456 778 2518 undecimum
789 2457 922 2538 (epocha
935 2477 1045 2521 mona-

108 2547 222 2608 chismi
238 2549 451 2629 occidentalis)
465 2569 472 2622 ;
490 2553 520 2611 3·
535 2568 554 2610 a
568 2549 683 2610 saeoulo
703 2551 870 2612 undecimo
885 2552 924 2611 ad
946 2571 1046 2612 saecu-

107 2641 176 2702 lum
186 2640 343 2702 decimum
352 2646 475 2704 sextum
485 2643 617 2723 (epocha
625 2642 758 2704 fratrum
765 2643 1024 2722 mendicantium)
1035 2665 1042 2718 ;

108 2739 142 2795 4³
157 2752 176 2794 a
193 2735 307 2795 saeculo
324 2735 547 2797 decimosexto
570 2735 611 2795 ad
625 2754 683 2796 nos
699 2735 831 2814 (epocha
859 2735 1045 2797 clericorum

109 2827 328 2908 regularium).
344 2829 482 2890 Accedet
495 2829 600 2890 hrevis
614 2828 772 2907 appendix
781 2827 819 2888 de
832 2828 898 2890 vita
907 2829 1045 2908 regulari

110 2939 169 2999 pro
185 2921 322 2999 feminis,
344 2921 376 2980 in
392 2941 455 3002 qua
470 2941 583 3002 nempe
599 2922 639 2982 eh
653 2921 707 2981 illa
729 2922 963 2984 discriminatur
976 2942 1046 3003 quoe

111 3013 188 3074 viris
203 3015 365 3093 proposita
378 3019 434 3078 est.

326 3179 342 3217 1.
358 3179 371 3217 t
384 3177 473 3216 Dertona
484 3180 627 3225 persecutore
638 3179 664 3218 nd
674 3188 721 3220 sec.
734 3180 838 3229 quinium.

154 3309 192 3370 V.
217 3309 372 3388 Tempore
400 3309 545 3371 Deoianae
572 3312 819 3390 persecutioniS‚
846 3310 984 3386 nonnulli
1010 3329 1048 3370 ex

113 3401 304 3480 christianis,
322 3404 374 3482 qui
392 3423 454 3465 non
469 3403 551 3465 vires
573 3405 613 3465 ad
628 3405 814 3484 martyrium
830 3403 1048 3464 sustinendum

115 3495 278 3574 expeditas
293 3495 325 3556 in
354 3517 387 3557 se
404 3497 601 3574 sentiebant,
619 3515 677 3558 nec
693 3498 732 3557 de
748 3497 850 3558 officio
872 3495 904 3555 in
918 3495 1049 3558 u'rbihus

114 3606 245 3652 manere
261 3589 435 3670 dehebant,
454 3595 489 3654 ut
503 3590 637 3654 aliorum
659 3591 794 3653 salutem
821 3594 1047 3673 procurarent,

206 3712 269 3754 ron.
291 3715 308 3756 1.
928 3698 959 3757 18
