2542 4122
365 335 404 380 oa
425 333 555 381 omsaro
574 335 657 380 sums
679 335 834 382 conemur.
1008 323 1065 386 ml

136 479 329 556 Portuensis,
345 477 542 554 Albanensis,
556 477 776 555 Praenestinus,
790 479 981 558 sabinensis,
992 483 1067 542 'Ius-

138 573 271 636 eulanus
288 577 319 632 et
334 571 498 650 episcopus
524 571 564 631 S'B
585 571 704 632 Rufina
718 589 774 631 seu
792 571 895 649 Sylvae
909 571 1068 635 Candida.

136 667 187 729 Illi
195 668 283 728 tenu
291 663 502 724 familiaritate
513 680 584 723 cum
595 663 678 724 clero
688 681 818 725 romano
829 664 989 745 conjuncti
1000 668 1072 726 sunt

137 765 175 820 ut
190 765 221 818 et
231 756 319 837 quasi
339 756 378 816 de
399 755 482 816 clero
495 773 632 816 romano·
638 755 696 834 ipsi
709 763 855 834 poterant
867 757 1069 818 considerari.

138 854 247 914 Romae
263 849 346 910 enim
362 849 542 927 frequenter
559 848 701 924 aderant,
723 850 840 910 assueti
856 851 1006 912 interesse
1021 869 1074 928 sy-

139 943 231 1006 nodis
252 947 283 1002 et
306 939 584 1002 consultationibus
611 940 686 1000 cleri
706 942 848 1019 romani,
870 943 1009 1022 quinimo
1032 942 1074 1002 ad

137 1039 382 1097 Lateranensem
397 1031 547 1093 accedere
572 1032 753 1110 basilicam,
775 1040 811 1094 ut
831 1035 894 1112 ibi,
919 1053 983 1095 una
1002 1051 1074 1094 cum

140 1129 226 1190 clero
245 1143 388 1202 romano,
415 1130 553 1186 astarent
570 1125 695 1204 quando
710 1126 803 1188 Sum.
825 1127 966 1188 Pontifex
985 1143 1075 1188 sacra

140 1227 209 1283 erat
222 1219 444 1280 celebraturus.
454 1219 519 1278 lmo
534 1217 601 1278 vice
616 1220 707 1280 Rom.
723 1219 891 1296 Pontificis‚
908 1220 934 1280 si
949 1219 1075 1298 quando

140 1315 284 1389 abesset,
311 1311 386 1391 ipsis
415 1311 489 1371 solis
511 1310 626 1372 licebat
648 1311 817 1372 ascendere
841 1319 1075 1374 sacrosanctum

140 1407 240 1468 altare
265 1403 402 1466 basilicae
420 1401 649 1480 Lateranensis‚
680 1402 785 1482 ibique
805 1421 895 1466 sacra
916 1403 1076 1466 celebrare

139 1498 307 1578 mysteria,
325 1495 409 1576 quod
427 1513 484 1574 per
507 1495 592 1556 vices
611 1499 645 1557 et
664 1513 722 1574 per
744 1495 959 1560 hebdomadas
981 1497 1076 1558 facie-

141 1595 230 1654 bant.

182 1687 228 1745 lix
240 1701 303 1762 qua
317 1680 553 1759 consuetudine,
569 1687 600 1742 et
611 1681 669 1761 ipsi
685 1681 742 1744 visi
758 1689 831 1745 sunt
843 1685 1075 1765 quodammodo

139 1777 281 1839 ecelesia
295 1775 499 1836 Lateranensi
509 1775 637 1836 addicti.
652 1776 741 1836 Unde
755 1777 817 1838 dici
829 1778 1076 1858 eoeperuntepis·
1101 1823 1106 1832 .

140 1869 208 1951 copi
219 1867 381 1929 cardinales
387 1870 476 1928 Rom.
488 1867 699 1942 Ilcclesiae,vel
711 1869 848 1948 episcopi
858 1870 1077 1931 Laterancnsis

142 1963 281 2026 ecclesie
297 1961 480 2036 cardinales,
495 1977 551 2020 scu
561 1958 694 2020 Romani
703 1961 861 2022 Pontificis
869 1961 1073 2038 collaterales,

140 2057 193 2118 val
204 2055 343 2135 episcopi
354 2052 605 2114 hebdomadarii.

182 2145 368 2228 Hujusmodi
389 2144 485 2224 IgItur
505 2146 559 2207 VII
578 2143 703 2205 finitimi
717 2145 867 2224 episcopi,
884 2163 947 2206 non
962 2144 1076 2206 intuItu

140 2241 225 2304 sedis
240 2239 328 2320 cujus
340 2237 501 2298 habebant
512 2236 649 2314 titulum,
667 2237 723 2298 sed
733 2237 1076 2300 intuituLateranensis

140 2334 278 2396 basilicae
299 2332 349 2393 cui
360 2331 402 2392 ad
421 2330 520 2391 instar
537 2330 660 2390 romani
675 2331 752 2391 cleri
770 2330 960 2393 videbantur
973 2331 1076 2392 incar·
1180 2319 1184 2334 ’

140 2427 251 2504 dinati,
268 2443 342 2505 pars
356 2425 443 2486 fuere
458 2423 580 2502 collegii
595 2423 794 2502 cardinalitii,
814 2425 900 2505 quod
912 2429 976 2487 tres
992 2426 1075 2488 ordi-

140 2539 198 2582 nes
216 2519 333 2579 habere
353 2516 450 2596 coepit
462 2536 468 2577 :
481 2516 688 2597 aplacopotum,
708 2516 947 2597 presbyteratum
966 2523 998 2580 et
1011 2518 1076 2579 dte·

141 2620 409 2766 wnsacidnditmerus
421 2701 629 2764 cardinalium
640 2706 708 2764 erat
720 2701 900 2764 indefinitus
919 2705 951 2764 et
961 2719 1071 2784 vagus.

142 2800 272 2860 Ineunte
287 2813 358 2858 saec.
372 2797 437 2872 Xli,
454 2795 601 2856 videntur
615 2797 669 2858 vll
679 2794 774 2856 fulsse
786 2794 935 2875 episcopi,
948 2798 1074 2861 XXVIII

43 2965 50 2972 .
143 2890 335 2971 presbyteri,
352 2890 450 2950 XVIII
466 2887 609 2965 diaconi,
626 2891 858 2966 postremorum
871 2889 923 2950 alii
941 2890 1076 2953 titolorcc

143 3002 235 3046 suam
270 2981 430 3043 habebant
457 2980 651 3057 diaconiam,
682 2981 734 3041 alii
760 2999 835 3043 vero
863 2983 997 3063 paletini
1021 2986 1075 3062 qui

142 3095 257 3154 nempe
284 3074 395 3137 officiis
416 3074 603 3152 praestandis
627 3076 718 3136 Rom.
744 3075 886 3138 Pontifici
910 3077 943 3136 in
957 3076 1074 3154 palatio

141 3169 247 3249 papali
261 3171 351 3229 erant
366 3165 493 3228 addicti.

184 3265 339 3324 Successu
360 3259 513 3340 temporis
535 3258 675 3321 decrevit
689 3261 803 3322 horum
817 3278 977 3338 numeruS,
994 3260 1073 3323 adeo

139 3359 176 3418 ut
194 3354 340 3416 eleoti0ni
362 3352 481 3415 NIcolai
500 3354 541 3414 Ill
556 3354 626 3414 octo
641 3356 764 3415 tantum
780 3353 955 3415 cardinales
965 3353 1074 3414 viden-

140 3452 196 3512 tur
204 3448 343 3510 affuisse.
356 3449 511 3509 Numerus
524 3447 622 3508 crevit
633 3446 747 3508 iterum
759 3451 791 3508 et
802 3444 976 3525 praesertim
986 3456 1074 3508 occa·

141 3541 231 3608 sione
267 3540 443 3606 schismatis
479 3539 714 3640 avenionensis
746 3539 833 3604 Sicut
861 3539 944 3602 enim
969 3543 1075 3623 partes
