2542 4122
366 329 406 373 us
427 328 557 376 orsmaro
577 333 660 378 tusis
686 332 842 378 seronior.
1014 321 1070 381 195

137 471 404 551 consequendum.
430 473 525 552 Atqui
550 475 591 536 ad
615 477 711 535 finem
731 475 986 554 consequendum
1014 495 1070 556 pro

136 564 266 626 humani
290 563 466 627 intellectus
488 566 690 644 diversitate,
717 573 749 628 et
769 568 939 630 voluntatis
964 569 1071 632 inoon-

135 656 269 733 stantia,
301 657 517 738 indomitoque
544 660 752 738 cupiditatum
776 663 854 721 aestu
879 660 911 719 in
934 661 1073 741 qualibet

136 749 299 830 agentium
313 751 524 829 multitudine,
539 753 717 814 necessaria
731 756 777 813 est
792 757 930 832 potestas
945 753 1070 833 aliqua,

136 862 208 924 quoe
223 843 340 903 habeat
354 843 406 921 jus
421 844 606 924 designandi
632 846 753 922 media,
778 849 872 925 atque
897 864 1006 906 omnes
1032 847 1071 906 ad

136 937 248 998 eadem
263 935 442 997 adhibenda
459 938 619 1018 obligandi
632 958 640 1011 ;
658 957 721 1018 qua
733 938 765 997 in
785 957 819 998 re
841 941 980 1016 potestas
993 939 1072 1018 legi-

135 1031 205 1091 fera
221 1029 370 1090 consistit.
398 1031 479 1109 llrgo
504 1035 642 1110 potestas
674 1031 807 1108 legifera
827 1031 969 1092 societati
1000 1049 1073 1111 per-

137 1123 228 1184 fectae
245 1121 417 1182 certissime
433 1124 593 1202 competit.

177 1238 191 1273 u
218 1218 249 1274 2⁰
270 1217 314 1275 De
331 1215 438 1293 legum
455 1216 688 1295 opportunitate
703 1219 758 1276 aut
783 1215 967 1278 necessitate
988 1233 1072 1278 com-

136 1307 215 1387 petit
226 1307 366 1368 societati
381 1309 528 1387 perfectae
540 1309 684 1387 judicare
697 1327 734 1368 ac
752 1308 933 1386 decernere,
951 1327 1071 1388 suaque

136 1399 281 1460 membra
295 1399 415 1480 judicio
438 1420 494 1462 suo
521 1401 692 1481 subjicere,
719 1400 778 1460 nisi
802 1401 882 1462 torte
905 1401 1071 1464 manifeste

137 1511 305 1554 erroneum
318 1493 394 1552 illud
413 1493 461 1554 sit.
488 1493 643 1554 Probatur
657 1494 768 1554 eodem
788 1499 990 1572 argumento,
1009 1513 1071 1574 quo

138 1586 282 1665 superior
296 1587 479 1664 propositio

177 1701 192 1737 u
218 1682 250 1740 3⁰
264 1680 298 1739 In
311 1678 362 1754 iis,
378 1698 448 1758 quae
467 1679 625 1757 pertinent
637 1678 677 1738 ad
698 1678 841 1739 ordinem
862 1679 1069 1757 superiorem,

137 1771 224 1833 nulla
250 1775 297 1832 est
328 1771 467 1833 societati
491 1771 629 1850 legiferae
649 1775 804 1850 potestaS,
836 1771 895 1832 nisi
923 1773 1004 1834 forte
1031 1773 1072 1834 ad

137 1865 313 1943 urgendam
323 1865 506 1926 eorumdem
521 1864 748 1940 executionem,
761 1883 833 1924 oum
843 1865 910 1944 jam
926 1865 1074 1926 determi-

139 1961 214 2018 nata
226 1957 353 2018 fuerunt
366 1958 406 2018 ab
423 1977 478 2034 co,
496 1957 545 2018 cui
563 1956 733 2035 superioris
755 1957 873 2017 ordinis
891 1975 968 2018 eura
988 1975 1074 2019 eom-

139 2051 236 2112 missa
253 2053 310 2112 est.

177 2166 192 2201 u
217 2146 289 2204 lam
312 2143 410 2222 igitur
438 2143 479 2203 ed
504 2143 606 2221 ipsam
632 2140 875 2219 applicationem
897 2141 1074 2201 mediorum

138 2236 257 2317 gradus
271 2241 318 2298 est
331 2236 504 2312 faciendus,
522 2235 555 2295 id
570 2238 616 2295 cst
627 2235 667 2294 ed
678 2237 876 2314 potestatem,
891 2252 960 2312 quea
972 2233 1011 2294 de
1022 2233 1075 2294 illa

137 2330 271 2410 judicat,
289 2349 344 2390 seu
355 2329 396 2389 ad
397 2336 573 2410 potestatem
576 2326 783 2407 judiciariam.

181 2424 247 2485 Vll.
271 2445 285 2480 u
312 2422 356 2482 De
372 2429 518 2502 potestate
531 2419 707 2501 judiciario.
728 2419 892 2481 Potestatis
902 2419 1077 2500 judiciario

141 2511 1076 2595 boopropriumessediximus,efficere,utmediaproposito

140 2608 337 2688 applicentur
350 2608 420 2684 rite,
437 2608 470 2668 id
490 2611 536 2667 est
551 2607 642 2686 juxte
657 2624 730 2665 eum
741 2605 871 2665 modum
886 2623 923 2664 ac
935 2623 1072 2671 sensum,

141 2720 204 2782 quo
223 2721 280 2781 per
300 2704 487 2780 potestatem
507 2699 671 2778 legiferam
695 2701 768 2758 sunt
789 2697 950 2776 proposita
968 2717 975 2758 ε
991 2699 1074 2777 quod

142 2795 270 2875 quidem
292 2793 354 2855 duo
373 2793 504 2854 involvit
514 2791 642 2872 judicio,
666 2792 800 2852 alterum
814 2789 853 2850 de
874 2809 948 2852 vero
969 2791 1075 2870 legum

141 2907 247 2964 sensu,
272 2887 404 2948 alterum
420 2887 459 2947 de
483 2885 641 2947 sociorum
655 2883 841 2960 actionibus,
858 2887 965 2945 utrum
986 2885 1076 2946 nimi-

141 3001 212 3042 rum
226 2981 377 3060 proedicto
399 2981 505 3060 legum
526 2978 630 3039 sensui
653 2977 828 3039 conformes
854 2977 927 3054 sint,
951 2997 1073 3040 necne:

142 3075 226 3137 unde
250 3074 403 3155 ejusmodi
428 3077 566 3152 potestas
593 3075 678 3133 recte
694 3069 860 3151 judiciario
887 3072 1073 3149 appellatur.

143 3167 263 3240 Quibus
275 3167 456 3246 praemissis,
474 3165 617 3244 sequitur

181 3284 196 3319 θ
222 3260 402 3341 Propositio.
425 3258 582 3338 Competit
602 3257 743 3320 societati
769 3257 916 3336 perfectae
939 3256 1077 3334 potestas

139 3353 320 3434 judiciaria.

181 3470 196 3505 ε
222 3447 314 3508 Prob.
333 3446 489 3526 Competit
508 3445 648 3508 societati
663 3443 810 3524 perfectae
827 3441 879 3522 jus
899 3437 1042 3517 exigendi
1058 3457 1078 3498 a

142 3540 206 3601 suis
218 3540 372 3620 quidquid
381 3539 593 3600 necessarium
604 3541 652 3598 est
660 3537 800 3598 adfinem
808 3531 1074 3613 consequendum.
