2518 4144
199 329 238 388 lt
409 341 640 388 msrrrunouas
661 343 743 389 rums
766 343 920 389 canorum.

201 484 285 564 quod
300 481 475 564 subjeetum
491 485 638 565 praecepti
657 486 755 564 possit
780 505 848 547 esse
870 487 1018 566 quaelibet
1044 507 1140 567 pecu-

200 577 285 638 liaris
299 595 443 657 persona,
460 578 635 659 subjectum
648 583 754 641 autem
762 580 840 660 legis
858 599 920 641 non
938 584 985 642 est
999 581 1060 642 nisi
1072 601 1140 643 res-

200 671 335 750 publica.
367 671 466 750 Igitur
494 676 687 750 praeceptum
718 692 737 734 a
771 674 932 735 voluntate
968 674 1139 755 cujuslibet

200 765 368 843 superioris
388 768 491 842 potest
506 763 578 844 jure
591 766 777 843 procedere,
800 767 970 828 laxantem
985 767 1026 828 ah
1043 769 1138 829 unica
1166 832 1169 836 ,

200 857 359 918 voluntate
370 857 451 917 illius
462 857 514 937 qui
526 857 583 936 ipsi
595 859 775 937 reipublicae
786 863 909 938 praeest.

241 950 303 1012 Sed
317 949 377 1010 hac
390 951 474 1012 facta
491 951 677 1028 differentia,
700 956 849 1013 caeterum
867 953 978 1012 eadem
993 953 1135 1014 formalis
1242 991 1243 1044 t

201 1048 248 1105 est
269 1043 348 1103 ratio
372 1045 439 1104 tum
461 1045 549 1123 legis,
573 1049 641 1106 tum
660 1046 819 1124 precepti,
848 1045 958 1122 idest,
990 1046 1135 1108 absoluta

200 1137 344 1197 voluntas
372 1137 540 1214 superioris
564 1137 703 1198 inferiori
736 1138 888 1215 intimata,
917 1139 1135 1200 saumanifes

201 1232 276 1290 tata.
302 1227 413 1290 Modus
435 1247 497 1308 quo
512 1231 730 1292 manifestatur
749 1231 800 1292 hie
815 1231 997 1291 indifferens
1022 1237 1081 1310 est,
1107 1236 1136 1293 et

201 1327 288 1384 extra
299 1326 493 1402 preceptum
503 1325 553 1384 vel
567 1325 644 1404 legis
660 1324 828 1385 essentiam
841 1324 1052 1386 const'tuitur.

212 1418 405 1493 „Jamvero‚
427 1420 495 1477 tum
514 1417 596 1478 civili
623 1421 692 1478 tum
711 1417 929 1478 ecclesiasticae
952 1419 1132 1480 auotoritat'

202 1509 355 1589 optimum
370 1509 472 1571 visum
489 1514 535 1572 est
552 1512 746 1572 voluntatem
762 1529 851 1570 suam
865 1511 1048 1589 reipublicae
1066 1511 1135 1572 inti-

201 1621 299 1679 mare,
313 1622 376 1664 non
388 1598 512 1665 'tantum
527 1622 709 1682 praeconum
724 1622 801 1665 voce
816 1605 867 1665 vel
885 1604 1008 1682 scriptis
1024 1605 1135 1665 edictis

202 1715 272 1757 eam
294 1697 540 1774 promulgando,
562 1697 618 1758 sed
637 1698 733 1758 etiam
747 1697 854 1776 populi
871 1697 1012 1758 moribus
1032 1696 1135 1757 indul-

201 1789 315 1868 gendo,
334 1789 440 1868 eisque
456 1789 668 1868 obsequendo,
686 1795 780 1870 atque
793 1809 847 1851 eos
863 1791 1093 1851 confirmando.

239 1884 280 1943 Ut
298 1881 438 1958 videtur,
461 1887 641 1943 removetur
661 1884 714 1944 illa
738 1883 910 1960 discordia,
929 1893 1025 1963 qnam
1052 1901 1135 1962 saepe

199 1992 384 2054 promovere
401 1979 532 2053 possunt
546 1976 709 2038 novitates.
723 1978 798 2038 lude
807 1997 866 2058 pro
875 1977 1044 2038 diuersitate
1057 1977 1138 2037 modi

200 2087 261 2149 quo
277 2069 467 2148 praceptiva
481 2069 625 2131 voluntas
642 2070 791 2148 principis
810 2071 953 2132 intimata
971 2074 1018 2132 est
1036 2071 1136 2131 socie-

199 2163 266 2241 tati,
289 2163 375 2223 aliud
395 2163 509 2225 dicitur
519 2163 574 2243 jus
593 2163 736 2243 scriptum
755 2167 786 2224 et
805 2163 890 2224 aliud
898 2163 952 2244 jus
970 2183 1027 2223 oon
1041 2163 1136 2244 sarm-

200 2264 270 2318 tam.
297 2257 356 2317 Ubi
376 2277 489 2336 nempe
509 2257 679 2334 imperiosa
699 2256 848 2336 principis
868 2258 1012 2319 voluntas
1030 2275 1136 2318 mores

199 2348 355 2408 antecedit
380 2368 496 2428 eosque
523 2349 670 2426 insinuat,
693 2353 740 2411 est
757 2350 809 2430 jus
832 2351 999 2428 scriptum3
1020 2349 1135 2412 dicitur

195 2440 247 2520 jus
273 2458 335 2500 non
359 2441 510 2519 scriptum
532 2443 657 2521 quando
683 2461 787 2504 mores
808 2443 1017 2520 antecedunt,
1040 2447 1134 2522 atque

199 2534 342 2594 voluntas
357 2533 505 2612 principis
525 2535 666 2596 moribus
687 2536 809 2597 accedit
831 2555 947 2616 eosque
967 2536 1135 2598 comitatur

200 2630 231 2686 et
251 2628 424 2688 confirmat.
448 2631 516 2689 Uno
532 2628 641 2704 verbo,
659 2629 711 2708 jus
731 2629 949 2708 scriptumest
970 2649 976 2690 :
992 2629 1048 2709 jus
1063 2649 1134 2710 pro-

199 2721 376 2798 malqotioae
399 2721 544 2781 munitum
553 2740 566 2798 ‚·
578 2721 630 2802 jus
649 2741 711 2783 non
726 2723 877 2802 scriptum
891 2725 938 2784 est
956 2723 1034 2782 illud
1059 2722 1138 2804 quod

199 2813 326 2873 moridie
345 2815 454 2894 populi
476 2833 525 2875 sca
549 2814 752 2876 cousuetudine
775 2815 934 2890 inducitur,
962 2817 1134 2878 dummodo

198 2910 305 2967 tamen
319 2906 386 2968 istis
396 2907 535 2968 moribus
552 2908 682 2968 accedat
693 2908 799 2988 aliqua
811 2909 960 2988 principis
973 2909 1131 2970 voluntas.

239 3001 304 3060 Vll.
329 3000 391 3060 Sed
414 3001 511 3079 quari
541 3001 592 3060 hic
618 3006 723 3078 posset
748 3019 895 3080 quanam
922 3002 1133 3080 promulgatio

199 3093 249 3152 vel
274 3111 344 3170 quae
369 3093 562 3154 consuetudo
589 3093 768 3173 requiratur
789 3098 824 3154 ut
848 3095 916 3156 haec
943 3096 1135 3174 praceptiva

200 3184 348 3264 principis
368 3186 513 3248 voluntas
535 3187 726 3248 sufficienter
746 3187 966 3250 manifestetur
992 3205 1134 3250 commu-

199 3279 299 3342 nitati.
326 3279 358 3341 Si
375 3298 477 3341 sermo
493 3280 532 3342 sit
548 3281 586 3341 de
601 3281 852 3360 promulgatione
876 3299 945 3360 quae
965 3281 1135 3344 intervenit

199 3373 301 3453 injus
325 3373 486 3452 seriptum,
510 3373 625 3435 suffieit
644 3373 712 3434 haec
735 3375 897 3453 responsio
920 3393 1016 3454 quam
1039 3367 1136 3437 tr'adit

201 3467 285 3527 card.
310 3467 390 3528 Gotti
412 3467 527 3545 (Troct.
554 3466 625 3528 Vde
642 3466 769 3545 lapibus,
792 3475 895 3547 quast.
911 3468 964 3547 6);
984 3470 1064 3529 Cum
1082 3487 1134 3529 na·

200 3559 272 3617 tura
286 3576 347 3619 non
364 3557 619 3620 determinaverit
633 3557 802 3636 quemdam
820 3560 949 3620 modum
965 3559 1134 3639 specialem
1238 3571 1239 3596 ³
