2540 4132
211 353 269 416 178
288 433 290 438 ¹
421 365 650 415 msuruuouus
670 367 754 416 runis
775 367 929 415 canonica

210 509 438 591 gubernatores
449 509 584 588 pastoris
598 508 724 572 nomine
740 510 947 586 decorantur3
961 510 1013 590 qui
1028 529 1139 594 nempe

208 603 304 666 totius
318 601 423 682 gregis
436 601 482 664 sic
491 620 603 664 curam
615 602 769 664 sustinent
782 607 818 665 ut
829 603 1023 683 singularum
1032 605 1139 670 ovium
1254 619 1255 628 ’

210 695 447 758 necessitatibus
459 694 627 774 providere
638 713 701 758 non
716 695 875 759 omittant.

250 789 312 850 Sed
321 788 645 868 objectumpotestatis
652 788 770 850 ordinis
777 791 881 866 potest
886 789 1026 868 quidem,
1037 789 1140 869 quoad

210 884 370 943 externam
393 881 537 960 formam,
555 881 721 963 cujuslibet
744 881 905 960 religionis
927 881 1041 944 ritibus
1057 900 1140 944 com·
1253 925 1255 940 .

209 972 325 1054 parari.
350 972 382 1034 Si
402 991 477 1036 vero
498 973 607 1036 intime
624 974 840 1036 consideretur
854 975 887 1034 in
902 993 960 1035 sna
980 974 1137 1052 efficacia,

210 1066 286 1147 quid
301 1065 376 1128 dicit
391 1065 517 1127 omnino
537 1067 775 1145 supernaturale
794 1067 879 1146 quod
895 1084 1023 1128 omnem
1037 1067 1140 1128 simili·

210 1159 352 1222 tudinem
372 1157 549 1220 naturalem
574 1159 788 1236 transcendit,
816 1159 962 1238 viresque
987 1159 1141 1222 humanas

208 1251 295 1313 omni
319 1269 357 1312 ex
370 1253 459 1330 parte
474 1254 649 1330 exsuperat.
667 1253 713 1312 Ex
728 1269 790 1331 quo
808 1251 940 1331 ¹quidem
953 1251 1142 1314 tundamen-

210 1345 265 1407 tali
299 1343 477 1406 discrimine
512 1344 617 1422 plures
646 1345 819 1405 nascuntur
847 1343 1033 1406 differentiae
1061 1345 1142 1408 inter

211 1440 377 1517 utramque
388 1438 586 1515 potestatem.

249 1531 301 1591 III.
326 1531 355 1590 l·
375 1531 514 1609 potestas
531 1527 757 1608 jurisdictionis
782 1528 914 1607 simplici
939 1529 1141 1609 deputatione

211 1621 253 1682 ad
265 1621 392 1701 aliquod
405 1621 543 1682 officium
555 1621 605 1682 vel
615 1623 720 1682 actum
730 1621 941 1682 exercendum
956 1623 1138 1704 acquiritur.

211 1713 374 1778 Naturales
395 1712 479 1772 enim
492 1712 624 1792 subjecti
644 1713 738 1774 dotes
759 1713 801 1773 ad
822 1713 998 1793 regendum
1012 1721 1142 1794 possunt

211 1823 279 1866 esse
299 1805 338 1866 de
352 1823 386 1865 sa
400 1804 666 1883 proportionata,
683 1823 741 1866 nec
762 1804 882 1885 aliquid
902 1806 1073 1886 requirnnt
1087 1809 1139 1870 nisi

210 1897 382 1977 legitimam
395 1896 586 1974 missionem,
604 1897 821 1978 utjurisdiotio
836 1902 1031 1962 exerceatur.
1053 1901 1104 1964 Sic
1114 1905 1141 1963 et

209 1989 333 2054 incivili
347 1988 509 2069 republica
517 1989 747 2070 inaugurantur
758 1991 975 2069 magistratus,

249 2085 390 2168 Potestas
401 2085 507 2145 autem
524 2083 642 2144 ordinis
657 2101 720 2144 non
737 2083 910 2163 acquiritur
928 2083 987 2146 nisi
1006 2087 1142 2166 quadam

211 2177 337 2258 speciali
348 2175 1143 2256 inauguratione,queeordinationuncupatur,con·

210 2269 351 2349 sistitque
367 2269 399 2330 in
412 2268 550 2348 quodam
564 2267 626 2329 ritu
640 2267 869 2346 supernaturali
884 2287 942 2348 per
959 2288 1058 2350 quem
1071 2271 1142 2332 cha·

210 2364 314 2422 racter
324 2359 490 2420 indelibilis
504 2360 536 2420 in
549 2359 655 2420 anima
664 2359 795 2439 subjecti
810 2359 1013 2440 imprimitur,
1027 2362 1069 2424 ad
1085 2364 1144 2425 hoc

211 2453 247 2512 ut
260 2467 317 2529 per
328 2449 482 2529 ejusmodi
497 2451 575 2512 ritus
592 2451 741 2512 uirtutem
754 2452 888 2514 aliorum
906 2454 1144 2516 sanctificationi

211 2541 419 2624 procurandae
438 2541 570 2602 idoneus
593 2543 757 2606 efficiatur.
775 2545 910 2607 Proinde
929 2546 991 2608 alia
1007 2547 1146 2627 exsurgit

212 2636 293 2699 inter
306 2635 406 2697 dictas
422 2637 591 2714 potestates
606 2634 794 2699 differentia.

251 2733 282 2788 2·
302 2731 439 2806 potestas
461 2727 688 2808 jurisdictionis
712 2732 760 2790 est
789 2730 996 2792 essentialiter
1018 2732 1144 2811 delega-
1254 2775 1255 2812 ,

211 2818 293 2894 hilis,
311 2819 482 2896 seualteri,
496 2819 613 2881 vicario
628 2821 765 2898 nomine,
782 2822 923 2901 gerenda
937 2824 1043 2900 potest
1058 2842 1144 2886 com·
1254 2849 1255 2898 p

212 2909 304 2971 mitti.
319 2909 451 2971 Omnino
468 2910 592 2973 diversa
606 2912 741 2975 hebetur
755 2913 835 3004 ratio
858 2914 898 2974 de
917 2917 1075 2993 potestate
1092 2935 1144 2979 or-

213 3001 322 3078 dinis,
352 3001 506 3080 siquidem
538 3022 595 3082 per
627 3004 801 3084 simplicem
830 3006 1063 3086 delegationem
1095 3009 1143 3071 vel

213 3093 397 3156 mandatum
413 3093 599 3158 intrinsecus
618 3098 797 3160 mandantis
815 3098 980 3162 character
1002 3099 1036 3160 in
1054 3119 1145 3162 man-

213 3187 370 3251 datarium
383 3187 544 3249 transferri
559 3180 621 3250 ncn
642 3191 741 3269 valet,
758 3209 816 3252 nec
830 3191 890 3252 hac
908 3192 1031 3254 ratione
1053 3193 1142 3256 alteri

213 3281 357 3360 delegato
366 3279 514 3359 competit
526 3281 594 3361 ipsa
603 3285 769 3362 potestate.

252 3377 283 3436 3·
303 3375 441 3452 potestas
457 3373 683 3453 jurisdictionis
705 3379 760 3438 aut
782 3375 1008 3438 imminutionis
1026 3378 1143 3440 autin·

213 3469 311 3544 tegra
325 3465 506 3527 cessationis
526 3470 573 3528 est
594 3486 703 3547 capax.
720 3471 800 3530 Nam
815 3487 912 3548 quum
921 3472 992 3531 tota
1006 3469 1145 3550 pendeat

216 3572 254 3613 ex
267 3555 415 3618 mandato
431 3557 480 3617 vel
504 3557 672 3638 missione,
690 3561 774 3639 quod
785 3560 876 3641 juxta
898 3564 1002 3625 certos
1028 3562 1142 3624 limites
