2540 4132
377 354 415 396 uu
438 353 567 398 caruero
587 355 669 399 rums
697 355 852 402 cenorum.
1024 343 1080 404 {85

146 498 234 559 fonte
247 497 419 558 dimanant.
437 498 608 576 Propterea
621 517 684 560 non
697 499 854 578 pertinent
867 500 908 560 ad
924 500 1005 562 hanc
1018 501 1082 562 hie-

147 591 307 652 rarchiam
318 590 424 650 divina
438 590 644 670 institutione,
655 592 713 653 nisi
726 593 758 653 in
772 596 923 672 quantum
937 595 1083 672 quaedam

148 685 253 746 officia
269 683 431 744 ministerii
455 684 624 745 diaconalis
646 705 704 764 per
727 686 969 747 ecclesiasticam
991 687 1084 748 disci-

148 779 268 858 plinam
282 777 342 836 illis
361 777 550 838 tribuuntur.
577 779 666 840 Unde
688 779 713 839 si
733 779 826 858 hujus
849 779 934 840 modi
959 780 1084 841 ordines

149 870 328 932 diaconatui
344 869 505 930 inferiores
516 875 680 933 sumantur
688 873 720 932 in
733 891 789 934 suo
798 873 972 950 respective
983 873 1083 952 gradu

149 963 370 1039 determinato,
386 967 421 1024 ut
434 963 478 1024 sic
494 983 554 1024 non
569 964 682 1026 divinae
702 965 757 1026 sed
779 965 924 1026 humanae
945 970 1017 1026 sunt
1038 967 1085 1026 in-

149 1055 330 1118 stitutionis.
349 1055 410 1117 Sed
423 1056 490 1116 siin
504 1057 613 1117 ordine
629 1063 794 1120 sumantur
812 1059 853 1118 ad
877 1058 1083 1120 ministerium

150 1152 267 1228 dequo
287 1148 485 1227 participant,
503 1169 556 1210 eos
578 1150 726 1211 divinitus
743 1151 899 1214 institutos
922 1151 1084 1212 fatendum
1170 1137 1172 1144 ’

148 1247 207 1303 est.
226 1245 312 1304 Unus
327 1245 432 1302 autem
445 1243 562 1321 gradus
576 1247 658 1304 certe
674 1243 788 1304 divinae
803 1243 1005 1306 inst'tutionis
1026 1247 1082 1320 est,

147 1337 200 1395 ille
225 1353 337 1413 nempe
362 1333 413 1413 qui
436 1334 591 1413 integram
616 1335 711 1396 hahet
734 1336 896 1397 ministerii
914 1337 1082 1413 rationem,

149 1427 269 1488 scilieet
287 1425 480 1487 diaconatus,
509 1430 548 1488 Et
568 1428 636 1488 haec
660 1428 699 1489 de
719 1448 850 1490 numero
875 1430 1032 1508 graduum
1054 1430 1085 1490 in

128 1577 130 1580 .
150 1519 361 1580 ecelesiastica
375 1519 551 1580 hierarchia
573 1521 656 1581 dicta
674 1522 840 1583 sufficiant.
857 1525 945 1584 Nunc
960 1523 999 1584 de
1017 1523 1086 1584 illo-

150 1631 223 1674 rum
238 1612 413 1693 differentia
428 1611 643 1673 disserendum
655 1618 711 1676 est.

398 1773 428 1808 ΙΙ.
440 1771 472 1809 ”a
484 1776 576 1810 iiior·-
588 1778 700 1820 graduum
710 1776 844 1812 dinero-eh·

194 1895 245 1954 IV.
262 1892 442 1953 Differentia
461 1893 618 1971 graduum
633 1893 795 1971 potestatis
813 1892 930 1954 ordinis
953 1889 1087 1952 desumi-

152 1991 204 2047 tur
225 2005 262 2046 ex
286 1985 410 2045 diversa
435 1985 618 2046 habitudine
642 2003 735 2064 quam
760 1984 873 2063 singuli
896 1987 1023 2044 servant
1047 1982 1087 2043 ad

151 2082 421 2139 sacramentorum
450 2077 668 2153 ministerium,
688 2077 773 2156 quod
801 2076 894 2156 hujus
926 2073 1088 2154 potestatis

153 2171 312 2251 objectum
334 2174 390 2232 est.
415 2173 497 2250 Ergo
520 2171 545 2231 si
568 2169 810 2231 determinatum
831 2169 924 2229 tuerit
945 2167 1038 2245 quale
1059 2171 1090 2227 et

153 2267 307 2344 quantum
317 2263 446 2342 singulis
457 2266 614 2342 competat
623 2280 784 2324 sacrorum
795 2259 1013 2336 ministerium,
1023 2259 1090 2339 jam

154 2357 331 2416 differentia
344 2357 504 2418 variorum
518 2356 675 2434 graduum
688 2355 747 2415 erit
759 2353 976 2414 determinata.
993 2354 1090 2413 Porro

155 2453 353 2510 sacramenta
363 2449 425 2510 alia
438 2449 585 2518 dicuntur
598 2449 630 2508 in
656 2447 771 2527 specie,
798 2447 860 2508 alia
883 2449 1091 2507 sacramenta-

153 2543 207 2603 lia.
222 2544 306 2603 Inter
320 2546 516 2602 sacramenta
530 2541 655 2620 proprie
666 2541 750 2602 diota
766 2559 865 2601 unum
880 2540 1025 2602 omnibus
1039 2558 1092 2599 ex-

155 2635 317 2695 cellentius
340 2635 485 2711 hahetur,
513 2633 709 2695 Eucharistia
734 2652 859 2710 nempe,
886 2634 1091 2692 contentum

157 2728 231 2807 quia
256 2731 525 2788 sacramentorum
553 2727 691 2788 continet
716 2729 888 2801 auctorem,
920 2723 1092 2786 sedetiam
1173 2741 1180 2760 ¹

157 2821 232 2900 quia
256 2821 408 2902 maJorem
444 2825 549 2882 servat
584 2819 726 2880 ordinem
755 2819 796 2879 ad
828 2835 953 2879 sacmm
984 2817 1092 2878 minis-

157 2913 283 2989 terium,
304 2913 459 2992 siquidem
476 2913 606 2974 actualis
623 2911 705 2972 illius
727 2911 879 2973 confectio
904 2911 1092 2974 sacrificium

158 3010 215 3067 est.

198 3097 262 3160 Sub
274 3098 388 3176 triplici
401 3097 539 3178 generali
554 3101 697 3176 respectu
715 3097 906 3159 considerari
922 3101 1025 3177 potest
1037 3095 1093 3156 dif-

157 3191 290 3252 ferentia
299 3191 625 3271 graduumpotestatis
636 3191 973 3269 ordinispnempei⁰in
984 3188 1093 3250 ordine

157 3284 198 3343 ad
223 3285 422 3361 sacrificium,
449 3288 479 3344 2⁰
499 3285 531 3344 in
553 3285 662 3345 ordine
686 3285 726 3344 ad
751 3288 866 3345 oaetera
883 3282 1091 3356 sacramenta,

157 3379 187 3436 3⁰
201 3377 232 3436 in
248 3377 356 3438 ordine
372 3379 412 3438 ad
423 3378 673 3440 sacramentalia.

199 3472 236 3530 V.
254 3471 293 3530 Et
301 3471 436 3548 primum
460 3472 497 3530 de
514 3471 573 3532 hac
587 3471 761 3531 differentia
779 3471 809 3530 ia
829 3468 929 3528 ordine
949 3464 989 3526 od
1007 3464 1095 3525 socri-

158 3562 271 3646 ficiem.
