2502 4130
474 569 689 760 innnx

287 883 477 944 PRIMI
501 883 876 946 VOLUMINIS.

430 1206 735 1269 PROLEGOMENA.

179 1513 229 1575 §t
248 1513 309 1562 *De
323 1511 431 1561 notione
450 1511 519 1575 juris
538 1510 685 1574 generatim
703 1507 825 1572 inspecti.
859 1541 865 1556 .
901 1545 907 1556 .
942 1541 949 1554 .
1031 1509 1042 1554 t

178 1589 193 1650 ξ
207 1589 237 1639 11.
256 1588 318 1638 *De
336 1586 418 1636 variis
434 1586 610 1636 divisionibus
619 1585 688 1650 juris
700 1599 749 1648 pro
765 1584 823 1646 lege
840 1581 951 1645 accepti,

301 1677 349 1714 eeu
370 1665 501 1726 quatenus
515 1664 556 1711 est
574 1661 707 1724 objectum
723 1656 951 1723 jurisprudentiae·.
1030 1657 1043 1704 ³

177 1738 241 1802 §111
263 1739 301 1788 De
315 1737 384 1801 juris
402 1737 536 1799 canonici,
555 1739 636 1800 prout
653 1739 694 1786 est
707 1733 832 1796 seientia,
848 1731 952 1796 origine

300 1815 434 1864 etnatura
435 1845 949 1865 ..............
1029 1808 1043 1856 5

481 1980 556 2044 etis
581 1979 677 2043 iniat

562 2123 601 2154 ΙΙΰ

258 2221 382 2286 iccici
401 2199 582 2286 senentis
600 2219 705 2283 cunis
723 2217 899 2282 ctionici.

401 2395 540 2465 LIBER
562 2393 752 2465 PRIMUS.

112 2567 159 2618 DE
182 2567 355 2621 FONTIBUS
378 2569 476 2621 JURIS
500 2569 688 2636 GANONIGI,
714 2569 782 2622 SEU
805 2568 852 2618 DE
876 2567 1040 2620 LEGIBUS.

426 2734 563 2796 SEG'PIO
584 2733 719 2796 PRIMA.

371 2909 414 2953 DE
436 2909 536 2955 LEGIS
559 2909 779 2962 QUALITATE.

439 3051 547 3108 CAPUT
568 3053 707 3108 PRIMUM.

113 3202 150 3252 En
160 3211 292 3252 naincieio
303 3213 352 3253 sna
364 3213 490 3253 nicensi
501 3213 654 3254 cincinnis
666 3214 743 3254 necis
747 3239 943 3256 ......
1010 3201 1039 3253 ti

172 3319 222 3382 §t
241 3319 615 3382 Desupremaauctcritatein
625 3319 739 3370 Ecclesia
743 3353 942 3370 ......
1011 3321 1040 3370 ii

171 3395 186 3456 ἓ
202 3394 232 3443 il.
243 3395 281 3444 De
295 3395 445 3444 oeconomia
458 3407 590 3458 supremae
604 3395 770 3445 auctoritatis
783 3395 811 3445 in
821 3395 945 3445 Ecclesia.
1011 3398 1040 3444 15

172 3469 246 3533 5111.
264 3471 302 3520 De
314 3470 443 3534 'gradibus
462 3469 634 3520 inferioribus
654 3470 787 3520 achristc
807 3471 945 3522 institutis,
1010 3473 1039 3521 16

172 3545 187 3614 ς
203 3544 246 3597 lV.
264 3545 302 3596 De
315 3544 441 3610 gradihus
453 3545 624 3596 inferioribus
637 3545 671 3596 ab
681 3545 797 3598 Ecclesia
807 3546 945 3598 institutis.
1010 3549 1039 3600 2⁰
