2518 4144
179 349 218 412 20
387 361 614 410 rasurumouss
634 363 717 410 Junrs
739 364 892 414 cenoman

178 509 244 570 rale
259 511 402 570 centrum
414 507 627 570 revolvuntur.
650 508 682 570 Si
704 527 791 588 ergo,
807 509 941 587 abrupta
954 503 1114 567 relatione

179 599 311 681 alicujus
327 600 505 680 systematis
520 600 716 679 particularis
728 600 769 661 ad
784 603 927 662 centrum
945 595 1110 678 generale,

178 693 255 754 illud
275 697 438 755 externum
462 695 668 771 asystemate
692 693 831 773 generali
853 691 1109 766 constitueretur,

178 787 312 850 oriretur
325 785 487 865 disruptio,
504 804 542 847 ac
555 786 686 865 proinde
701 786 853 847 confusio.

217 882 269 942 lX.
287 881 332 940 Ex
343 879 495 940 hactenus
509 878 599 940 dictis
614 879 729 940 inferre
742 879 893 940 debemus
906 875 1038 956 duplicis
1050 894 1112 954 ge-

178 972 261 1034 neris
269 971 337 1052 jem
352 990 504 1051 exurgere
523 971 686 1051 principia,
701 970 790 1052 {unde
804 971 922 1051 pendet
938 967 991 1049 jus
1006 967 1112 1029 eccle-

178 1065 354 1128 siasticum:

218 1161 248 1218 l⁰
260 1156 452 1236 Principium
461 1156 541 1237 juris
556 1157 743 1218 universalis
756 1178 764 1230 ;

218 1254 249 1311 2⁰
263 1249 454 1328 Principium
465 1249 545 1330 juris
558 1249 766 1329 particularis.

218 1342 409 1422 Principium
418 1343 564 1422 generale
572 1343 811 1404 fundamentum
821 1342 917 1404 hehet
927 1343 996 1403 tum
1005 1342 1038 1402 in
1050 1343 1115 1402 Ro-

177 1455 271 1498 mano
287 1435 448 1512 Pontifice,
464 1435 573 1496 tumiu
587 1435 717 1514 collegio
734 1434 969 1514 episcoporum3
987 1433 1112 1496 scilicet

177 1529 227 1590 vel
242 1547 261 1590 a
275 1531 415 1590 Romano
430 1528 591 1606 Pontifice‚
609 1528 659 1589 vel
675 1528 714 1588 ab
725 1527 776 1588 illo
787 1527 956 1588 universali
973 1526 1109 1606 collegio

177 1626 339 1702 pastorum
351 1621 497 1682 Ecclesiae
509 1620 561 1702 jus
575 1621 750 1682 universale
765 1620 974 1681 constituitur.

217 1713 408 1792 Principium
429 1714 563 1774 alterum
583 1717 630 1774 est
649 1713 863 1792 episcopusin
885 1730 943 1773 sua
965 1711 1108 1791 dioecesi,

177 1826 234 1888 pro
246 1807 318 1888 jure
332 1805 451 1866 scilicet
462 1805 653 1884 particulari.

217 1903 248 1961 3⁰
260 1901 379 1960 Praeter
393 1897 460 1959 haec
476 1898 538 1958 duo
553 1898 717 1977 principia,
742 1897 903 1978 quoddam
916 1898 1006 1959 adest
1024 1897 1112 1976 prin-

177 1993 294 2072 cipium
314 1990 535 2052 intermedium
545 1990 625 2071 juris
643 1991 820 2070 peculiaris,
843 1991 927 2071 quod
946 2010 1009 2052 non
1026 1989 1110 2053 adeo

176 2088 262 2166 patet
271 2087 306 2146 ut
320 2084 360 2145 ed
375 2083 551 2145 universale
561 2084 727 2162 referetur,
745 2103 803 2146 nec
813 2084 892 2146 adeo
907 2083 1111 2164 restringitur

176 2183 211 2243 ut
227 2179 268 2242 ad
282 2178 482 2258 particulare.

275 2330 285 2380 S
296 2332 329 2370 lV.
341 2339 371 2368 D!
379 2338 497 2369 GRADllU!
506 2338 675 2370 mennonium
684 2339 713 2369 AB
722 2337 827 2371 immid
837 2337 1000 2370 consumme.

216 2459 254 2518 X.
269 2455 554 2536 Determinatajam
566 2460 719 2535 potestate
740 2457 935 2536 singulorum
948 2457 1111 2536 episcopo-

176 2568 247 2610 rum
256 2549 288 2608 in
299 2548 408 2610 ordine
421 2549 462 2609 ad
472 2549 613 2629 regimen
629 2550 723 2611 totius
736 2549 893 2627 Ecclesia,
909 2549 1003 2611 dehet
1013 2549 1112 2611 etism

176 2642 244 2704 haec
262 2645 400 2722 potestas
413 2642 603 2704 considerari
619 2643 651 2702 in
667 2642 776 2704 ordine
789 2643 829 2703 ad
848 2643 989 2722 regimen
1014 2642 1109 2704 unius

175 2735 328 2811 dioecesis,
345 2735 463 2796 scilicet
483 2739 636 2815 quatenus
655 2739 702 2796 est
722 2735 791 2796 fons
807 2735 885 2814 legis
904 2734 1106 2813 dioecesanae,

174 2847 229 2888 seu
243 2827 322 2908 juris
340 2827 424 2907 quod
440 2827 588 2907 sioqolore
604 2827 736 2890 dicimus
754 2846 792 2890 eo
808 2828 892 2907 quod
911 2829 989 2888 fines
1012 2828 1110 2890 unius

174 2920 317 2982 dioecesis
331 2938 394 2981 non
407 2920 576 3000 egreditur.

214 3014 277 3075 Sed
292 3031 349 3092 pro
365 3013 510 3092 analogia
522 3032 591 3093 quae
609 3032 734 3093 semper
747 3014 815 3075 visa
829 3017 876 3076 est
887 3014 969 3076 inter
981 3013 1107 3076 divinas

174 3109 205 3167 et
215 3106 439 3167 ecclesiasticas
456 3105 674 3184 institutiones
695 3126 792 3186 quum
815 3107 951 3186 episcopi
969 3106 1106 3168 auctori·

172 3201 270 3260 tatem
281 3198 441 3278 regiminis
454 3198 597 3260 dioecesis
614 3199 671 3262 sibi
692 3200 798 3262 dalem
812 3218 880 3261 esse
899 3203 1103 3277 censuerunt,

171 3291 216 3353 ita
230 3309 300 3352 eam
317 3294 506 3370 acceperunt
525 3295 559 3353 ut
575 3293 753 3354 sacerdotes
768 3293 818 3354 vel
833 3293 962 3354 clericos
981 3291 1013 3351 in
1030 3310 1104 3370 par-

171 3389 235 3446 tem
248 3384 464 3446 sollicitudinis
479 3403 543 3446 suae
563 3385 763 3446 advocarent.
786 3386 875 3448 Unde
895 3384 1104 3466 quemadmo-

171 3475 247 3537 dum
264 3496 412 3555 suprema
429 3477 598 3539 auctoritas
615 3477 824 3540 ecclesiastica
843 3475 948 3538 divino
964 3477 1036 3557 jure
1055 3477 1103 3538 sic

171 3567 273 3628 fueret
290 3569 431 3632 instituta
459 3572 494 3629 ut
517 3587 587 3630 eam
608 3568 764 3650 integram
788 3569 929 3645 haberet,
948 3569 998 3630 vel
1017 3588 1102 3630 unus
