2540 4132
210 359 269 422 ttd
420 370 651 420 msrrrcrrorus
671 369 754 420 sums
776 369 930 419 crromcr.

497 602 666 664 TITULUS
689 602 849 664 PRIMUS.

459 762 503 806 DE
538 761 653 808 STATU
687 760 899 807 cnuulcucl.

251 893 288 956 V.
313 894 415 965 Quum
439 893 537 954 stetus
561 891 717 972 jnridicus
748 890 834 952 eliud
862 907 924 951 nou
950 889 1073 951 sitnisi
1103 909 1140 952 ee

211 1002 398 1066 permaneus
412 983 538 1046 vivendi
555 984 692 1046 conditio
707 1001 777 1064 quae
794 983 936 1062 personis
954 981 1139 1062 quibusdem

210 1076 359 1157 competit
374 1077 406 1138 iu
421 1076 531 1138 ordine
542 1075 678 1156 juridico
694 1095 749 1138 seu
765 1075 883 1152 sociali,
903 1093 966 1137 uon
980 1075 1071 1137 aliter
1084 1093 1139 1154 po-

207 1173 269 1232 test
292 1169 495 1231 determinari
517 1187 613 1249 quom
639 1173 785 1248 respectu
808 1168 917 1230 habito
937 1169 980 1230 ed
995 1167 1070 1248 juro
1092 1169 1139 1228 vel

207 1262 312 1326 officie
337 1281 408 1342 que
434 1261 576 1340 personis
602 1264 786 1340 competunt
811 1261 942 1340 exlege
967 1259 1141 1322 secundum

212 1373 307 1437 quum
319 1355 444 1417 illorum
458 1358 557 1416 status
567 1354 805 1416 determinatur.
821 1355 1019 1432 Quapropter
1030 1371 1141 1432 propo·

207 1447 284 1509 situs
298 1448 338 1508 de
360 1451 443 1510 stetu
466 1447 652 1508 clericorum
671 1446 780 1508 titulus
801 1445 884 1506 vium
903 1445 1005 1524 sperit
1026 1445 1141 1524 duplici

211 1539 418 1601 dissertationi
435 1557 570 1620 quarum
584 1540 682 1601 alteru
696 1538 736 1600 sit
750 1539 789 1599 de
802 1538 938 1618 juribus,
955 1538 1057 1600 alteru
1066 1556 1141 1599 vcro

211 1631 250 1692 de
265 1631 374 1692 officiis
388 1633 481 1694 stetui
495 1631 630 1694 clericuli
645 1630 906 1710 competentibus.

501 1786 713 1844 olssnururro
733 1787 846 1844 PRIMA.

437 1951 475 1990 DE
506 1951 640 1992 JUMBUS
669 1951 885 1992 scenicorum.

249 2089 300 2149 vl.
324 2085 465 2149 Christus
483 2086 634 2147 Dominus
651 2103 688 2147 ec
709 2087 771 2146 fine
796 2084 980 2146 clericatum
1008 2086 1141 2149 instituit

208 2184 243 2244 ut
257 2198 314 2260 per
327 2197 400 2241 eum
415 2179 549 2258 populus
564 2178 752 2240 christianus
762 2178 794 2238 in
808 2179 904 2238 tinem
918 2181 1046 2242 aetcrnae
1060 2179 1139 2240 solu-

208 2274 247 2334 tis
262 2274 439 2334 duceretur.
455 2272 518 2333 Sed
532 2271 583 2332 hic
597 2271 668 2331 finis
683 2289 745 2332 nou
765 2274 888 2332 tantum
907 2271 1091 2349 requirebat
1107 2275 1141 2332 ut

208 2365 342 2442 populus
357 2363 544 2425 christianus
558 2364 590 2424 in
602 2363 675 2424 fidei
688 2363 819 2425 veritate
832 2363 882 2424 vel
896 2381 1022 2423 morum
1036 2363 1141 2442 probi·

207 2457 271 2517 tcto
290 2455 517 2533 contineretur,
536 2457 592 2518 sed
611 2459 643 2518 et
657 2455 756 2518 multo
773 2455 874 2534 magis
898 2458 933 2516 ut
952 2455 1140 2518 intrinsecus

208 2549 459 2609 restaurarentur
475 2549 620 2627 collapsus
638 2552 759 2611 nuturae
775 2549 857 2610 vires
869 2551 904 2609 ut
915 2547 990 2608 fidei
1007 2551 1040 2609 et
1053 2566 1140 2610 seuc-

207 2640 287 2704 tituti
297 2643 401 2702 essent
415 2641 670 2719 proportionutae.

247 2733 387 2795 Christus
401 2733 498 2812 igitur
510 2733 574 2813 qui,
591 2733 751 2795 mediante
767 2732 954 2794 clericorum
969 2733 1137 2815 adjutorio,

208 2824 249 2885 ud
263 2824 347 2885 huuc
360 2827 456 2886 finem
472 2826 620 2888 devenire
638 2826 780 2902 intendit,
798 2841 861 2887 uon
873 2829 998 2888 tuntum
1010 2827 1140 2890 contulit

208 2915 560 2995 clerioutuipoteststem
571 2918 727 2998 dirigendi
736 2921 897 2980 externum
903 2919 1052 2982 Ecclesire
1062 2937 1137 2982 ecc

208 3007 358 3086 nomiam,
369 3011 437 3070 tum
451 3009 483 3070 in
500 3011 610 3072 ordine
629 3012 670 3072 ed
683 3011 756 3072 fidei
769 3011 1007 3090 professionem,
1026 3016 1094 3074 tum
1107 3012 1137 3072 in

208 3100 317 3165 ordine
325 3101 497 3163 edmerum
510 3103 700 3178 custodiem3
709 3104 766 3164 sed
777 3103 871 3164 etiam
882 3103 926 3166 illi
940 3105 1073 3168 contulit
1086 3123 1138 3184 po·

206 3197 353 3258 testatem
366 3195 551 3256 conficiendi
571 3199 602 3258 et
611 3196 808 3258 ministrandi
824 3197 978 3277 quosdam
995 3201 1137 3260 externos

207 3288 294 3366 ritus,
313 3305 447 3368 quorum
462 3305 558 3350 soorae
575 3288 793 3368 significationi
808 3289 1021 3351 sanctificandi
1035 3290 1138 3350 effica-

207 3380 256 3442 cis
267 3383 515 3444 connecteretur.

243 3474 350 3552 ,Quare
365 3473 501 3534 solemus
514 3472 672 3553 duplicem
685 3473 869 3535 elericorum
882 3473 1075 3552 distinguere
1086 3493 1137 3554 po·

207 3563 362 3638 testatem,
378 3564 510 3625 ultorum
532 3581 601 3643 ques
623 3564 737 3626 dicitur
757 3564 1031 3641 redimendorum
1043 3566 1137 3646 juru-
