2540 4132
205 331 263 394 lati
392 343 643 393 usnrrnmosss
663 343 746 392 sums
767 343 921 392 annorum.

204 489 382 570 magmenta
420 488 526 552 decisa
563 491 603 552 ab
632 489 821 552 authenticis
846 487 1082 568 monumentis),
1111 489 1136 552 si

204 583 300 663 igitur
318 583 470 645 obscurus
487 587 534 644 est
549 587 723 660 contextus,
742 584 784 644 ad
798 583 954 664 integrum
969 581 1136 644 decretalis

205 675 286 738 illius
309 679 440 752 textum,
464 694 502 736 ex
517 696 580 757 qua
593 677 988 758 eaputilluddesumptum
1007 679 1066 752 est,
1087 693 1136 736 re·

205 787 330 832 currere
351 773 474 849 oportet
488 789 495 831 :
508 769 581 831 inde
601 789 709 832 omnes
731 775 836 850 partes
849 769 890 830 ad
904 768 1040 830 invicem
1062 786 1135 830 con-

204 863 278 924 ferri
292 863 417 939 debent,
434 863 519 943 quod
533 864 601 925 fieri
615 867 729 943 potest,
755 863 911 944 siquidem
933 861 1135 924 inveniuntur

204 955 333 1035 integrae
344 955 517 1017 decretales
529 957 561 1016 iu
573 957 742 1018 codicibus.

243 1053 277 1111 3⁰
300 1048 332 1110 Si
358 1048 482 1110 codices
506 1049 694 1129 autographi
723 1049 870 1111 deficiant
897 1049 943 1128 (ut
968 1047 1084 1108 accidit
1102 1046 1133 1106 in

91 1193 93 1199 .
205 1141 478 1204 constitutionibus
502 1161 571 1222 quae
600 1144 685 1222 apud
706 1145 783 1206 Vl⁰¹¹¹
809 1141 1019 1204 Decretalium
1045 1156 1132 1219 repe·

204 1235 337 1312 riuntnr,
355 1253 433 1315 quas
445 1235 623 1297 Bonifacius
637 1255 721 1316 papa
735 1255 798 1296 non
812 1239 847 1297 ut
856 1234 1010 1314 genuinas
1022 1231 1131 1308 voluit,

204 1329 260 1390 sed
277 1328 318 1389 ad
337 1327 384 1389 sui
403 1329 554 1408 temporis
569 1329 765 1408 disciplinam
779 1325 1045 1405 accommodare),
1060 1328 1133 1386 tuno

205 1421 248 1482 nil
262 1421 347 1482 aliud
373 1425 470 1483 restat
490 1421 549 1482 nisi
563 1426 598 1483 ut
610 1441 648 1484 ex
661 1422 792 1484 historia
804 1421 897 1502 hujus
911 1419 1064 1498 temporis
1082 1417 1133 1478 illa

204 1513 324 1592 speeies
348 1515 542 1592 conficiatur,
570 1533 639 1594 quae
663 1515 774 1576 melius
797 1518 976 1593 temporum
1001 1511 1134 1572 circum·

205 1605 326 1668 stantiis
339 1607 539 1685 respoudeat,
557 1625 689 1688 quaeque
704 1607 923 1669 rectitudinem
938 1609 970 1667 et
979 1603 1133 1686 justitiam

204 1701 308 1758 servet
321 1699 520 1760 rescribentis
533 1701 730 1779 legislatoris

246 1789 422 1869 Aliquando
435 1789 504 1852 haec
515 1794 654 1855 secunda
668 1813 751 1872 pars,
766 1793 885 1872 speeies
899 1809 1025 1870 nempe,
1045 1789 1135 1852 omii-

204 1883 291 1959 titur,
316 1901 413 1962 quum
436 1883 553 1947 scilicet
575 1887 747 1965 capitulum
775 1885 1049 1966 interpretandum
1074 1901 1134 1944 non
1252 1869 1253 1912 ³

205 1976 394 2055 respondeat
408 1976 499 2038 alicui
513 1979 598 2040 casui
613 1979 804 2058 particulari,
821 1980 877 2040 sed
888 1979 971 2040 oiroa
981 1977 1133 2058 quasdam
1252 1995 1253 2024 1

205 2069 342 2132 theorias
357 2069 520 2148 generales
534 2075 686 2134 versetur.

245 2157 296 2227 IV.
321 2166 408 2225 Tunc
434 2163 613 2227 immediate
636 2165 801 2227 lectionem
817 2166 931 2245 excipit
945 2164 1035 2226 tertio
1048 2181 1131 2244 pars,

206 2275 276 2337 quae
298 2257 413 2319 dicitur
432 2257 562 2334 dube'om,
584 2265 615 2318 el
638 2259 778 2321 consistit
790 2259 823 2320 in
839 2259 976 2340 quadam
991 2255 1134 2337 proposi·
1252 2281 1253 2322 l

204 2349 289 2410 tione
307 2350 391 2410 circa
405 2369 500 2429 quam
512 2351 635 2430 integra
648 2353 784 2414 volvitur
803 2353 944 2433 questio,
966 2370 1030 2413 non
1045 2367 1133 2412 secus

206 2441 352 2502 ecthesis
368 2442 400 2500 in
419 2441 602 2522 theologicis
622 2447 653 2506 et
672 2445 895 2526 philosophicis
918 2442 1133 2524 disputationi-

205 2534 275 2596 bus.
297 2535 342 2596 Ea
362 2537 485 2596 tantum
500 2535 664 2600 diversitas
679 2539 771 2602 estin
785 2540 845 2601 hoo
866 2539 950 2618 quod
961 2538 1071 2614 thesis,
1085 2536 1133 2598 vel

205 2627 394 2690 affirmative
408 2629 458 2689 vel
472 2630 619 2709 negativa
633 2631 683 2708 sit,
698 2651 823 2712 semper
834 2637 941 2694 temen
951 2635 1040 2694 certa
1048 2634 1097 2692 est
1105 2633 1133 2690 et

205 2721 337 2800 positivo
350 2722 444 2784 modo
457 2724 633 2803 proposita3
652 2725 783 2787 dubium
797 2744 872 2788 vero
895 2725 1130 2804 problematice,
1252 2727 1253 2734 ’

205 2817 356 2892 tanquam
368 2815 393 2875 si
407 2817 555 2878 resolutio
571 2817 775 2897 inspectanda
786 2819 867 2882 foret
880 2820 920 2880 ab
934 2819 1004 2897 ipsa
1017 2817 1132 2880 resolu-

204 2905 494 2985 tionclegislaioris.

245 2997 381 3060 Dubium
405 3003 510 3062 autem
536 3004 721 3082 proponitur
739 3005 831 3086 juxta
845 3005 926 3066 hanc
951 3004 1128 3066 formulam.
1252 3005 1253 3008 ’

205 3093 277 3156 Jam
288 3091 449 3172 proposita
460 3095 564 3173 specie
576 3095 730 3176 interpres
740 3097 901 3178 subjungit
913 3119 919 3158 :
940 3097 1132 3170 «Quaesitum

205 3189 252 3248 est
279 3204 299 3246 a
325 3185 475 3249 Pontifioe
501 3205 541 3249 an
575 3189 743 3268 appellatio
771 3189 803 3250 in
832 3190 892 3252 hoc
918 3207 993 3252 casu
1022 3190 1133 3252 debeat

205 3278 371 3342 admittit»

243 3373 319 3434 lude
346 3373 488 3453 sequitur
501 3381 609 3454 quarta
629 3393 714 3454 pars,
741 3394 810 3456 qum
837 3381 884 3438 est
905 3377 944 3437 de
971 3375 1131 3438 rationibus

205 3463 369 3528 dubitandi.
394 3466 458 3528 lllae
480 3468 586 3528 autem
607 3467 692 3528 aliud
716 3485 778 3530 non
807 3473 880 3532 sunt
908 3469 967 3530 nisi
988 3469 1131 3552 quadarn

206 3553 396 3632 objectiones
409 3575 464 3619 seu
475 3559 660 3636 argumenta
670 3562 827 3626 contrariu
840 3562 1035 3642 responsioni
1044 3561 1131 3642 logis
