2542 4122
380 359 418 403 uu
440 359 569 406 omaoro
590 361 672 406 rums
695 359 849 406 aaronica
1023 347 1081 408 21³

148 499 286 580 insigniti
302 501 513 580 facultatibus,
532 505 575 565 ita
590 509 625 565 ut
640 505 760 583 possint
774 506 878 584 aliquo
893 507 987 567 modo
998 525 1083 568 com-

149 595 254 673 parari
276 596 517 673 proconsulibus
542 597 573 657 in
593 601 629 659 R.
656 601 704 674 P.,
726 598 937 676 vice-regibus
961 600 992 658 in
1024 601 1083 660 inr-

149 689 248 766 perio.

189 784 308 842 Horum
332 783 508 861 legatorum
535 784 690 844 maximus
716 784 774 844 fuit
793 803 868 846 usus
884 785 1084 866 maximaque

150 876 319 936 auctoritas
344 895 416 936 saec.
444 879 498 937 Xl⁰
523 881 554 937 et
579 877 797 956 sequentibuS,
816 879 969 957 siquidem
984 879 1086 958 major

149 969 260 1030 fuisset
272 969 357 1030 hisce
372 969 403 1028 in
419 971 612 1047 temporibus
622 971 801 1046 necessitas,
820 975 855 1031 ut
866 972 1002 1032 aetasilla
1016 989 1085 1050 quae

150 1061 336 1141 ignorantiae
353 1063 474 1122 saeculis
491 1067 685 1124 successerat
697 1063 848 1123 inflexum
864 1065 993 1126 sentiret
1007 1082 1085 1142 pon-

151 1155 254 1215 tificiae
271 1154 442 1233 dignitatis

192 1250 347 1309 Successu
372 1267 446 1309 vero
462 1249 622 1328 temporis,
644 1269 683 1308 ne
697 1269 753 1328 per
768 1249 947 1329 hujusmodi
962 1249 1087 1329 amplis-

152 1341 247 1401 simas
274 1345 305 1401 et
328 1342 502 1403 ordinarias
525 1343 697 1420 legationes
722 1344 772 1402 vel
797 1343 963 1404 imminuta
988 1342 1085 1404 videri

152 1438 258 1512 posset
270 1453 313 1510 ea,
323 1435 457 1513 dignitas
468 1435 620 1513 primatus
635 1455 704 1514 quae
720 1437 792 1496 solis
813 1436 962 1513 competit
974 1437 1088 1496 Roma-

152 1527 200 1587 nis
214 1525 427 1604 Pontificibus,
446 1529 496 1586 vel
511 1528 675 1588 vilesceret
690 1529 849 1588 ordinaria
869 1529 1087 1606 episcoporum

153 1621 314 1698 dignitas,
346 1620 554 1698 elanguerunt
582 1620 762 1699 hujusmodi
791 1621 988 1698 legationes,
1019 1637 1088 1698 quac

151 1713 245 1773 hodie
268 1712 385 1791 ingenti
407 1713 508 1772 solum
521 1713 560 1772 de
581 1731 677 1774 causa
692 1714 939 1774 committuntur.
959 1715 1089 1774 Verum-

151 1810 257 1866 tamen
269 1823 330 1865 nou
347 1805 418 1865 ideo
432 1805 539 1865 aboliti
553 1809 626 1865 sunt
640 1805 819 1884 hujusmodi
835 1805 929 1884 legati
951 1805 1024 1864 iacti
1039 1803 1089 1862 vel

152 1899 248 1958 missi.
258 1901 337 1958 Nam
346 1899 419 1958 licet
428 1898 487 1958 hoc
500 1917 614 1957 munus
623 1899 691 1956 dari
702 1917 765 1958 non
774 1899 872 1958 soleat
881 1897 938 1958 nisi
951 1899 982 1958 S.
997 1898 1032 1955 E.
1051 1897 1087 1954 R.

153 1991 374 2067 cardinalibus
392 1995 498 2051 tamen
515 1991 582 2050 aliis
598 1991 736 2068 praelatis
747 1989 965 2050 ecelesiasticis
980 2005 1091 2048 conce-

153 2084 238 2145 ditur
250 2084 303 2162 qui
319 2103 433 2144 nomen
448 2088 576 2144 sumunt
590 2083 816 2142 nuntiorumvel
832 2080 1089 2152 internuntiorum,

154 2177 207 2256 qui
221 2177 252 2235 id
262 2177 407 2236 muneris
419 2177 536 2237 habent
549 2180 616 2236 tum
631 2174 776 2234 servandi
793 2173 911 2234 amicas
924 2171 1092 2232 relationes

154 2271 236 2330 inter
262 2269 472 2329 sacerdotium
500 2274 531 2328 et
554 2267 659 2328 saeculi
675 2267 844 2345 principes,
861 2269 928 2326 tum
951 2264 1046 2325 etiam
1061 2261 1092 2321 in

152 2365 223 2424 loco
237 2381 301 2422 suae
315 2362 491 2440 legationis,
502 2361 661 2421 Pontificis
673 2361 799 2421 nomine
815 2359 952 2439 aliquam
964 2361 1094 2437 possunt

113 2473 115 2482 ’
156 2473 301 2515 exercere
309 2454 570 2533 jurisdictionem.

197 2550 262 2608 XX.
288 2551 377 2607 Nune
398 2547 593 2607 traducenda
615 2550 688 2606 sunt
706 2545 861 2624 principia
884 2545 924 2604 ad
945 2542 1094 2604 determi-

156 2641 295 2702 nandam
310 2641 529 2700 auctoritatem
552 2639 665 2698 borum
690 2637 805 2698 diversi
823 2636 957 2696 nominis
971 2635 1093 2712 legato-

157 2753 237 2809 rum,
257 2752 391 2812 quorum
411 2715 523 2810 neinpe
545 2731 721 2810 jurisdictio
748 2728 839 2789 certis
866 2726 1094 2806 episcopalibus

156 2827 285 2887 sedibus
300 2845 362 2886 non
374 2826 517 2885 inhaeret.

199 2919 471 2992 Quemadmodum
496 2917 591 2996 legati
617 2915 767 2976 ordinarii
791 2914 921 2976 Romani
938 2912 1095 2974 Pontifiois

158 3013 190 3072 in
207 3012 285 3072 duas
301 3011 536 3089 distinguuntur
552 3012 667 3070 classes
683 3010 848 3088 (quatenus
864 3007 1010 3068 dicuntur
1031 3003 1095 3064 nati

159 3106 209 3165 vel
224 3103 334 3182 missi),
348 3104 391 3164 ita
406 3107 436 3163 et
461 3103 583 3163 diversa
599 3102 693 3164 statui
713 3102 865 3161 deberent
879 3099 1032 3179 principia
1056 3095 1096 3154 ad

160 3198 323 3276 utriusque
334 3198 452 3274 gradus
460 3195 534 3275 jura
548 3196 829 3272 auctoritatemque
846 3187 1093 3253 determinanda.

161 3293 277 3351 Verum
303 3308 400 3369 quum
424 3289 519 3366 legati
544 3289 608 3348 uati
633 3287 745 3349 imitati
771 3290 844 3346 sunt
871 3280 1096 3344 institutionem

160 3383 470 3461 archiepiscoporum
483 3382 532 3440 vel
543 3381 747 3458 primatuum,
762 3379 806 3440 ita
821 3382 852 3438 et
862 3374 953 3435 simili
963 3372 1033 3450 jure
1048 3387 1098 3428 re-

161 3479 288 3553 guntur.
315 3477 496 3554 Propterea,
514 3474 688 3551 generatim
716 3470 886 3550 loquendo,
907 3466 945 3525 ad
973 3464 1097 3523 illorum

161 3567 382 3628 auctoritatem
401 3566 672 3628 determinandam
695 3565 823 3642 possent
848 3556 998 3637 applicari
1028 3555 1098 3633 plus
