2542 4122
375 343 414 388 nn
436 343 564 391 omnem
584 345 668 391 aunis
692 345 848 392 circumi.
1023 336 1080 394 215

146 488 223 550 citer
246 485 374 566 speciali
394 486 556 564 mandato,
584 489 640 549 sed
670 488 729 568 ipsi
739 488 880 551 adheret
894 489 1007 554 officio.
1023 493 1080 552 Ea·

145 584 273 660 propter
287 580 377 641 sicuti
390 580 561 659 requiritur
573 599 631 659 per
644 581 741 660 ipsius
756 582 849 644 officii
869 582 1077 660 collationem,

145 675 189 736 ita
202 693 259 753 per
268 673 409 754 ejusdem
421 673 575 736 amittitur
588 674 798 737 amissionem.

185 771 216 828 5⁰
232 767 396 847 Objectum
411 767 504 847 hujus
515 766 740 847 jurisdictionis
755 787 817 830 non
831 773 877 830 est
892 770 1023 850 simplex
1035 771 1081 831 vi-

145 860 276 940 gilantia
286 879 381 938 super
395 859 569 920 ordinarius
583 861 752 938 provinciae
770 864 1008 941 gubernatores,
1026 864 1079 925 sed

145 956 248 1033 ipsum
260 953 402 1032 regimen
422 953 615 1014 ordinarium
636 954 694 1015 sibi
717 955 883 1034 assignatae
897 957 1077 1034 provinciae.

146 1051 226 1108 Nem
253 1046 348 1126 legati
374 1046 535 1124 apostolici
562 1046 679 1108 habent
699 1048 879 1126 generalem
899 1049 1080 1112 missionem

146 1139 395 1216 administrandi,
412 1139 541 1218 regendi
553 1159 589 1200 ac
604 1140 800 1218 gubernandi
814 1142 1009 1219 provinciam
1021 1143 1079 1204 sibi

147 1234 349 1312 assignatam.
368 1232 457 1294 Unde
479 1232 697 1310 concipiuntur
715 1237 866 1312 tanquam
885 1235 1034 1296 ordinarii
1048 1235 1080 1296 in

148 1326 328 1406 provincia,
349 1325 422 1386 licet
446 1343 509 1386 non
534 1325 684 1386 ordinarii
708 1327 835 1387 nomine
859 1329 1004 1408 proprio,
1024 1329 1078 1390 sed

147 1419 273 1482 nomine
296 1418 475 1480 mandantis
490 1417 622 1480 Romani
636 1419 805 1481 Pontificis.
822 1421 1009 1500 Eaprcpter,
1026 1439 1079 1500 ge-

148 1513 282 1575 neratim
295 1512 466 1591 loquendo,
480 1515 603 1574 tantum
616 1513 747 1590 po'ssunt
761 1514 856 1593 legati
871 1514 903 1574 in
917 1513 1078 1594 provincie

150 1609 303 1687 quantum
316 1605 453 1684 episcopi
466 1605 498 1665 in
511 1605 649 1683 dioecesi,
665 1609 818 1685 quantum
830 1609 989 1668 Romanus
1002 1609 1081 1669 Pon·

149 1701 225 1762 tifex
238 1700 272 1761 iu
285 1699 434 1761 Ecclesia.

190 1798 225 1856 6⁰
239 1793 379 1854 Diximus
392 1793 552 1872 peraretur
568 1793 724 1874 loquendo,
739 1813 813 1855 nam
826 1795 932 1874 plures
947 1793 1080 1874 appositi

151 1887 309 1947 habentur
321 1885 435 1948 limites
452 1885 525 1946 huic
540 1886 706 1947 ordinariae
723 1887 900 1965 legatorum
916 1885 1078 1966 potestati,

150 1980 318 2042 novissimo
333 1978 508 2057 praesertim
519 1978 590 2058 jure
606 1979 727 2040 concilii
740 1979 923 2056 Tridentini,
939 1997 1014 2040 sess
1027 1982 1078 2052 xl,

126 2067 130 2076 ’
150 2093 219 2153 cap.
236 2075 290 2150 20,
308 2071 342 2134 de
356 2071 579 2152 reformatione,
595 2075 630 2131 ut
647 2071 794 2132 videlicet
814 2072 995 2133 consulatur
1015 2070 1080 2130 sive

150 2167 262 2229 honori
276 2167 386 2245 primae
400 2164 498 2241 sediS,
516 2165 581 2226 sive
600 2163 766 2225 ordinariae
785 2164 980 2242 singulorum
1000 2161 1082 2240 epis-

149 2279 301 2340 coporum
326 2257 554 2340 jurisdictioni,
576 2276 615 2318 ne
643 2257 805 2318 rideretur
832 2257 882 2318 vel
908 2255 985 2316 nihil
1013 2272 1080 2314 esse

149 2357 290 2416 Romano
306 2351 448 2413 Pontifici
463 2355 673 2426 reservatum,
690 2350 740 2410 vel
758 2369 795 2410 ex
812 2349 874 2411 alie
890 2353 979 2429 parte
1000 2348 1081 2410 irus-

147 2452 303 2524 traneum,
318 2447 368 2507 vel
382 2463 519 2505 vacuum
532 2443 622 2505 reddi
630 2443 847 2522 'episcopalem
863 2443 1008 2523 gradum.

189 2546 221 2601 '1⁰
233 2539 419 2620 Hujusmodi
430 2537 631 2599 limitationes
643 2540 716 2598 sunt
725 2538 889 2615 pauciores
899 2556 956 2616 pro
968 2535 1079 2614 legatis

149 2653 169 2694 a
182 2619 416 2712 latere,plures
436 2635 467 2692 ct
483 2630 619 2711 majores
638 2649 695 2708 pro
718 2630 834 2690 nuntiis
852 2630 902 2689 vel
921 2629 1080 2688 internun-

148 2727 200 2788 tiis
215 2726 404 2806 apostolicis
421 2728 495 2798 Ouae
510 2724 680 2786 sustinetur
699 2721 874 2791 differentia
892 2719 1013 2783 etiamsi
1030 2719 1080 2780 isti

149 2819 250 2881 ultimi
267 2820 430 2881 mittantur
449 2837 521 2879 cum
540 2820 695 2896 potestate
712 2815 806 2895 legati
826 2834 846 2875 a
863 2815 971 2883 latere.
989 2817 1081 2874 Nam-

149 2933 211 2993 que
237 2914 295 2974 sub
317 2913 377 2974 hcc
401 2911 541 2991 generali
568 2910 717 2970 mandato
744 2928 808 2970 non
831 2912 999 2970 censentur
1021 2906 1080 2967 illis

149 3006 323 3068 commissae
341 3006 505 3066 facultates
520 3004 579 3064 illae
593 3022 663 3083 quae
677 3003 717 3063 ob
733 3002 902 3081 specialem
917 3000 1082 3063 difficulta-

149 3105 215 3162 tem
230 3118 326 3180 quam
338 3099 509 3176 continent,
522 3096 685 3176 speciatim
698 3095 879 3157 debuissent
892 3093 1060 3174 significari
1071 3112 1078 3164 3

149 3193 269 3254 scilicet
287 3193 347 3254 illis
362 3192 536 3254 commissae
551 3189 681 3252 veniunt
700 3208 809 3250 omnes
828 3190 991 3250 facultates
1010 3203 1080 3262 quae

149 3290 222 3348 sunt
236 3287 374 3367 aequales
386 3286 436 3349 vel
449 3285 586 3345 minores
598 3283 658 3344 illis
672 3302 741 3363 quse
755 3301 909 3363 expressae
924 3279 1080 3340 habentur

148 3380 182 3439 in
195 3380 306 3442 litteris
321 3381 381 3441 hac
394 3380 433 3440 de
448 3399 482 3439 re
496 3378 588 3455 datis,
602 3396 666 3438 uon
683 3380 790 3438 autem
803 3377 864 3436 illae
884 3391 965 3453 quse,
976 3368 1079 3449 prouti

149 3473 280 3554 majoris
294 3474 461 3551 momenti,
477 3471 603 3553 speciali
619 3475 694 3533 nota
709 3471 811 3550 dignae
826 3467 966 3528 fuissent.

192 3567 274 3630 Satis
288 3567 422 3632 diximus
432 3568 471 3630 de
482 3566 633 3650 gradibus
647 3558 928 3643 supraepiscopalis
937 3555 1082 3640 jurisdic-
