2540 4132
305 335 411 405 toeioi
432 339 586 390 sinemus
605 341 689 390 some
710 341 864 393 ωοιιιοι.
994 331 1053 397 tot

118 504 200 566 rem,
214 505 277 548 non
286 504 361 548 vero
371 485 403 546 in
410 483 545 567 juribus,
556 487 802 568 etpoteetotibue
812 488 989 568 disparatis.
1000 489 1052 554 Sio

118 581 266 643 sacerdos
280 581 434 642 oonfioere
448 583 552 658 potest
561 581 802 657 Eucharistiem‚
815 582 900 662 quod
913 586 960 644 eet
969 584 1049 662 plue,

118 693 183 736 non
196 677 302 735 temen
315 671 460 734 ordinare
471 672 611 749 elericos,
620 677 675 734 aut
686 674 835 736 eoolesioe
844 692 1049 752 consecrare,

118 766 204 847 quod
219 769 267 826 est
278 764 391 825 minus.
407 767 485 826 Item
502 765 615 826 mulier
629 766 713 827 bona
736 784 795 828 suo
819 767 908 828 alten'
934 767 1052 830 donare

117 861 238 939 potest3
255 875 319 918 non
332 860 438 918 tamen
457 857 631 938 fidejubere
645 877 703 938 pro
721 859 774 920 illo
793 877 832 920 ex
849 861 929 922 SGto
951 861 1054 922 Vello-

113 950 190 1031 J'eno
216 951 318 1011 haeres
349 949 436 1010 adire
464 953 567 1028 potest
590 954 690 1013 totam
719 951 962 1030 hereditatem,
989 970 1052 1016 non

116 1046 223 1104 temen
241 1061 298 1121 pro
310 1045 399 1120 perte
414 1059 486 1102 eam
497 1042 652 1104 scindere.
1150 1082 1153 1108 i

157 1139 206 1197 18·
229 1134 288 1209 Oui
297 1135 387 1215 prior
416 1142 459 1195 est
482 1143 633 1216 tempore,
652 1137 755 1217 potior
779 1144 822 1198 eet
846 1137 929 1218 jure.
961 1137 1052 1202 Volet
1110 1091 1155 1220 iii
1176 1113 1213 1196 pt

115 1229 148 1289 in
177 1227 382 1306 pignoribus,
414 1231 446 1288 et
471 1227 539 1288 eliis
567 1229 800 1306 contractibus,
830 1229 862 1290 in
888 1231 964 1292 dato
986 1249 1050 1292 ree-

116 1320 289 1398 oriptorum
303 1323 363 1381 eto.
381 1320 484 1396 Fallit,
499 1320 524 1381 si
539 1321 859 1399 superveniatfortior
872 1323 1050 1404 privilegia·

114 1418 176 1490 tue,
197 1415 233 1474 ut
243 1413 456 1491 providendus
471 1412 656 1474 auctoritate
674 1414 846 1493 apostoliea
870 1414 903 1476 in
926 1415 1052 1478 oenoni·

20 1509 21 1512 ’
114 1505 1051 1585 oetu‚mulieroumdoterespectupupilli,eto.;itemintes·

112 1596 270 1674 tementis,
297 1597 431 1676 legibus,
461 1597 595 1674 statutis,
621 1599 797 1676 posteriora
826 1599 949 1678 potiore
975 1607 1049 1662 eunt

114 1689 283 1769 prioribuS.

135 1805 137 1810 ·
154 1786 204 1844 19·
227 1781 285 1856 (ho
296 1783 385 1844 sentit
395 1799 476 1860 onus,
488 1784 595 1856 sentiro
612 1783 695 1846 debet
709 1785 898 1862 commodum,
910 1795 939 1848 et
952 1807 967 1848 e
978 1807 1045 1850 coo-

114 1885 164 1938 tro
175 1895 187 1937 .·
199 1875 353 1937 seeundum
376 1885 512 1962 notorem
532 1885 574 1938 est
592 1878 739 1938 commodo
757 1879 896 1960 cujusque
917 1880 963 1940 rei
979 1899 1044 1942 eum

110 1969 204 2051 sequi,
231 1989 315 2050 quem
331 1977 491 2051 sequuntur
514 1970 703 2032 inconmodo.
730 1971 864 2050 Excipe,
888 1971 947 2032 nisi
975 1972 1045 2052 quie

112 2061 277 2144 privilegio
288 2063 443 2125 eximatur
457 2063 618 2140 ethonore,
635 2063 681 2124 eio
695 2062 779 2124 enim
793 2063 931 2140 iaemine,
943 2067 975 2126 et
986 2081 1046 2142 pu-

111 2155 205 2234 pillus
215 2158 368 2218 vocentur
383 2156 424 2219 ed
434 2155 636 2218 commodum
645 2154 849 2232 haereditetis,
862 2171 926 2215 non
937 2157 1043 2216 tomen

112 2265 193 2309 onus
206 2249 321 2310 tutelae.

151 2343 203 2402 20·
223 2340 261 2401 Io
286 2361 318 2402 re
345 2342 490 2403 commomi
510 2342 613 2423 potior
636 2347 678 2404 eet
700 2339 826 2403 conditio
845 2339 1040 2422 prohibente.
1117 2331 1146 2430 il·
1190 2329 1208 2398 'i

111 2433 204 2496 Volet
215 2433 247 2494 in
259 2453 293 2496 re
304 2435 461 2497 communi
476 2436 617 2514 pluribus
632 2440 668 2497 ut
679 2435 820 2515 singilis,
837 2455 867 2497 v.
883 2455 914 2516 g.
932 2436 1042 2498 decem
1147 2423 1208 2496 κ.)

111 2527 231 2588 hahent
242 2543 355 2606 agrum
370 2546 579 2605 communem,
593 2528 626 2588 in
640 2547 702 2608 quo
718 2548 832 2591 novem
846 2529 957 2590 volunt
970 2547 1042 2590 oon·

110 2619 240 2682 stituere
257 2621 440 2682 servitutem
459 2621 557 2696 Titio,
577 2620 717 2682 decimus
733 2621 885 2682 reclamet
908 2623 1039 2695 eontra,

110 2712 202 2792 eujus
211 2713 348 2775 oonditio
358 2717 466 2792 utpote
478 2711 683 2793 prohibentis,
696 2717 744 2774 esi
757 2712 878 2792 potior:
894 2710 961 2774 etsi
974 2711 1040 2772 nul·

109 2806 177 2867 lum
204 2805 244 2866 sit
268 2805 486 2886 praejudioium
509 2804 714 2885 prohibentis,
738 2824 801 2868 non
825 2809 954 2868 curatur
972 2803 1040 2885 ejus

109 2898 291 2977 prohibitio.

149 2995 201 3052 21·
222 2991 344 3072 lepori
355 2993 478 3069 delicto,
494 2991 541 3054 vel
553 3011 650 3067 ooooo,
660 2992 762 3072 potior
775 3005 817 3054 est
831 2993 957 3055 conditio
971 3013 1041 3075 poo-

108 3083 240 3146 eidontie.
257 3087 324 3147 Hoo
336 3090 384 3148 est
401 3086 536 3166 speciale
554 3085 753 3165 privilegium
771 3087 986 3166 possessionie.
1007 3089 1041 3148 In

10 3179 11 3184 ’
110 3179 246 3240 delicto:
263 3178 362 3240 Titius
377 3179 464 3252 dedit
469 3178 570 3258 judici
584 3178 760 3257 pecuniam,
778 3184 813 3241 ut
826 3199 883 3260 pro
898 3199 932 3240 se
946 3179 1042 3259 injuse

109 3275 176 3332 tem
188 3272 376 3333 sententiam
389 3273 496 3348 ferret,
513 3271 563 3332 vel
581 3271 706 3351 virgini,
723 3276 758 3334 ut
780 3291 887 3334 seeum
907 3270 1041 3336 fornice:

108 3367 207 3440 retur,
225 3365 392 3442 pecuniam
407 3383 470 3426 non
484 3363 608 3444 repet‘t,
624 3364 699 3444 quia
710 3365 898 3443 possidentis
908 3367 955 3424 est
966 3378 1041 3422 oon-

108 3455 186 3518 ditio
196 3457 324 3520 melior:
335 3460 401 3520 Hoo
413 3458 445 3520 in
459 3450 669 3520 foro'externo
687 3477 694 3518 :
712 3462 745 3518 at
762 3459 794 3517 in
810 3458 878 3518 foro
895 3455 1038 3531 interne,

55 3599 61 3612 .
108 3547 133 3612 si
145 3547 238 3632 juxta
250 3551 386 3629 pretium
404 3551 476 3614 Titii
486 3569 544 3613 neo
556 3549 710 3613 sententia
724 3568 781 3629 pro
792 3549 843 3610 illo
855 3593 864 3625 ,
876 3565 934 3608 neo
946 3546 1039 3610 ferni·
1061 3547 1065 3558 '

217 3671 280 3722 pou.
301 3673 319 3716 1.
900 3654 933 3712 10
