2540 4132
295 344 402 392 muci
424 341 578 390 serenus
598 339 681 386 runis
703 337 859 386 canonici.
982 321 1039 382 {33

148 494 187 554 X.
212 490 301 552 Note
314 489 442 550 demum
457 487 604 548 dicuntur
619 483 765 564 quaedam
784 484 896 544 breves
909 482 1041 543 adnota-

106 586 213 648 tiones
235 600 305 663 quae
331 581 371 642 ad
388 581 507 642 calcem
527 577 775 658 uniuscujusque
796 575 920 654 pagiua
941 573 1041 634 solent

107 675 284 752 recenseri,
297 678 332 735 ut
345 692 458 751 nempe
473 672 690 752 significentur
699 669 857 731 variantes
872 667 1041 742 lectiones,

108 771 159 832 vel
173 768 373 828 remittantur
386 767 520 827 lectores
532 765 573 826 ad
587 765 657 826 loca
669 761 830 842 parallelas,
847 761 897 822 vel
912 761 952 820 od
968 759 1040 836 alia,

109 863 194 924 unde
207 860 463 940 singulicanones
477 857 597 936 possint
610 857 766 917 illustrare
782 859 813 916 et
830 853 1039 933 interpretari.

111 955 174 1018 Sed
201 957 283 1014 notae
305 956 378 1013 sunt
403 951 498 1012 etiam
519 950 642 1029 privata
664 948 849 1010 auctoritate
875 948 985 1023 factae,
1011 949 1043 1006 et

111 1047 243 1126 proinde
257 1045 375 1106 nnllam
390 1043 508 1106 babent
521 1043 739 1104 auctoritatem
753 1041 899 1120 legalem.

378 1268 508 1344 LIBER
540 1267 777 1344 SECUNDUS.

109 1491 157 1546 DE
188 1491 323 1544 'nunus
363 1492 490 1554 QUIBUS
527 1491 587 1545 JUS
625 1490 946 1554 ΙΝΤΕΒΡΒΕΤΑΤΠΒ,
979 1491 1043 1544 SEU

162 1605 209 1656 ΒΕ
243 1603 356 1656 REGTA
383 1603 569 1658 SACRORUM
601 1603 767 1657 GANONUM
804 1601 1047 1656 intaurentu-

159 1715 284 1769 rtouu.

154 1887 303 1960 Quamvis
326 1904 424 1948 unum
449 1886 487 1949 de
511 1887 678 1969 praeeipuis
702 1887 858 1950 attributis
877 1887 983 1968 legum
1005 1885 1046 1948 sit

113 1979 253 2056 claritas,
279 1979 344 2040 fere
361 1983 468 2042 tamen
491 1981 684 2061 impossibile
708 1985 802 2042 estut
822 1981 919 2060 leges,
943 1979 1047 2040 veleb
1103 1971 1109 1980 ’

113 2073 355 2152 generalitatem
377 2074 490 2154 objecti
517 2075 601 2136 circa
624 2075 708 2156 quod
731 2077 906 2150 versantur,
933 2073 981 2134 vel
1007 2072 1048 2132 ob

114 2165 334 2246 antiquitatem
359 2167 509 2246 temporis
536 2187 598 2249 quo
626 2167 718 2228 editae
747 2171 829 2244 sunt,
852 2166 901 2226 vel
921 2166 1049 2226 demum

115 2259 185 2320 aliis
198 2259 362 2337 decausis,
374 2263 495 2321 tantam
505 2261 629 2341 assequi
645 2260 766 2340 possint
780 2258 1047 2339 perspicuitatem,

116 2355 151 2413 ut
175 2351 209 2411 in
236 2347 376 2431 aliquam
404 2353 627 2416 obscuritatem
648 2355 698 2415 vel
721 2351 959 2434 ambiguitatem
986 2369 1048 2411 non

117 2443 270 2506 incidant.

157 2540 276 2597 Parum
289 2538 385 2618 igitur
399 2539 510 2601 studiis
525 2541 639 2602 nostris
654 2539 817 2619 prodesset
830 2539 938 2619 legum
951 2540 1050 2600 eccle-

117 2630 317 2691 siasticarum
355 2633 539 2712 expendisse
579 2637 725 2695 naturam
761 2633 811 2694 vel
855 2631 1051 2692 authenticos

117 2723 305 2784 eorumdem
318 2725 441 2786 codices
452 2727 623 2805 aperuisse,
641 2727 699 2786 nisi
714 2726 826 2786 modus
843 2729 958 2804 praesto
972 2727 1054 2785 esset

118 2833 181 2896 quo
200 2816 241 2876 ab
261 2816 440 2897 hujusmodi
462 2816 705 2882 obscuritatibus
726 2820 776 2880 vel
796 2817 1053 2898 ambiguitatibus

118 2927 172 2969 eas
198 2909 352 2970 extricare
374 2912 545 2990 possimus,
572 2913 631 2974 nisi
653 2913 765 2974 modus
788 2915 873 2974 certo
896 2916 977 2973 esset
991 2929 1053 2992 quo

119 3019 215 3062 verns
231 3019 341 3064 sensus
356 3004 472 3085 legum,
485 3011 571 3069 certa
584 3007 729 3068 voluntas
742 3005 929 3087 legislatoris
945 3006 1054 3084 depre-

120 3094 218 3155 bandi
231 3097 339 3174 possit.
959 3154 962 3159 ,

162 3190 235 3250 lam
261 3209 336 3252 vero
360 3189 412 3252 bic
434 3194 564 3272 medua,
590 3191 804 3273 interpretatio
829 3198 899 3255 est:
917 3187 1056 3253 succedit

121 3281 220 3360 igitur
231 3286 266 3343 1³
275 3284 356 3362 parti
366 3305 461 3365 qnam
473 3287 639 3367 delegibns
648 3287 840 3366 scripsimus,
849 3287 1056 3362 haecanuam

124 3374 259 3438 dicimus
273 3377 309 3439 de
322 3386 402 3439 recta
412 3399 552 3442 canonum
563 3380 814 3462 interpretatione.

216 3667 279 3714 Tott.
300 3669 318 3718 i.
