2518 4144
225 367 266 432 28
414 379 666 430 ‚msrrrorrorss
685 379 768 426 sums
789 377 945 426 cnromcr.

226 542 319 590 suum
333 523 478 585 ultimum
496 523 579 584 unde
598 523 757 602 peccando
779 522 954 598 exciderat,
972 522 1163 584 naturaliter

225 616 427 697 consequitur
441 616 526 697 quod
539 617 659 678 bonum
671 615 732 676 hoc
746 633 912 676 commune
927 615 968 675 ad
984 614 1071 694 quod
1087 615 1163 676 diri·

224 711 309 790 gitur
324 708 535 770 ecclesiastiea
544 708 710 786 legislatio,
722 707 763 769 sit
770 707 890 769 honum
902 706 980 768 illud
991 725 1162 768 commune

226 803 310 884 quod
333 821 391 880 per
418 800 576 862 Christum
599 799 767 861 Dominum
795 799 1039 878 Redemptorem
1066 800 1163 861 nobis

225 894 384 974 competit,
400 893 477 956 etin
491 911 554 974 quo
570 892 712 954 consistit
730 892 871 954 omnium
889 891 1055 954 hominum
1074 893 1162 954 salus

225 993 354 1053 eterna.

264 1082 362 1144 Porro
385 1079 448 1140 duo
468 1082 542 1140 suut
560 1078 667 1140 media
688 1078 866 1140 necessaria
889 1078 930 1140 ad
953 1077 1038 1138 hunc
1062 1078 1162 1138 finem

225 1171 450 1236 obtinendum:

265 1269 296 1329 1⁰
311 1265 403 1326 Fides
418 1265 592 1326 secundum
604 1264 846 1338 revelationem

263 1362 295 1422 2⁰
309 1358 398 1420 Actio
415 1375 553 1419 consona
565 1357 650 1418 fidei.

264 1451 354 1513 Unde
375 1450 533 1535 objectum
551 1451 658 1530 legum
683 1449 964 1510 ecclesiasticarum
984 1449 1035 1509 vel
1053 1448 1163 1529 deputa

225 1548 273 1606 est
292 1563 354 1624 quo
371 1544 449 1604 tides
462 1543 554 1624 juxta
571 1543 795 1605 revelationem
814 1542 974 1618 doceatur,
996 1543 1048 1603 vel
1072 1543 1163 1603 disci-

219 1637 307 1718 plino
325 1656 383 1716 per
404 1655 500 1716 quam
526 1636 664 1697 actiones
687 1634 929 1696 christianorum
946 1634 1040 1714 juxta
1063 1636 1161 1696 fidem

224 1728 448 1810 gubernentur.
462 1731 658 1807 Quapropter
672 1728 738 1789 sive
752 1727 891 1807 theologi
905 1727 971 1790 si've
986 1729 1161 1792 canonistae

226 1823 334 1883 dicunt
347 1821 454 1900 legum
468 1820 749 1882 ecclesiasticarum
771 1821 930 1901 objectum
949 1838 1018 1880 esse
1042 1821 1162 1901 dogma

225 1913 275 1974 vel
287 1911 494 1990 disciplinam,
512 1931 646 1992 quorum
658 1912 941 1993 naturampspecies
953 1915 986 1973 et
996 1912 1161 1977 distinctas

225 2008 316 2068 notas
329 2004 468 2066 breviter
482 2004 759 2067 considerabimus.

264 2100 316 2160 111.
328 2097 454 2178 Doqmo
461 2098 487 2159 si
497 2098 583 2160 vocis
595 2102 723 2178 etymon
732 2101 908 2178 spectemus
918 2098 969 2158 vel
979 2099 1160 2160 naturalem

223 2192 309 2254 vocis
321 2191 591 2270 significationem,
607 2195 655 2252 est
667 2191 782 2252 veritas
797 2191 944 2271 quaedam
956 2191 1157 2269 inconcussa,

222 2287 326 2346 firma.
356 2284 522 2362 Applicata
544 2284 613 2345 haec
638 2303 699 2346 vox
723 2283 824 2344 ordini
846 2285 1082 2364 supernaturali
1105 2303 1160 2345 seu
1238 2319 1239 2344 i

164 2427 167 2430 .
223 2375 325 2438 ordini
347 2376 497 2452 revelato,
513 2375 669 2454 signifieat
684 2397 691 2437 :
709 2377 817 2438 ceritas
831 2386 908 2438 certe
918 2376 1008 2438 olleo
1017 2377 1159 2451 revelata,

224 2486 294 2547 quae
302 2467 456 2529 certitudo
465 2467 800 2548 acquiriturmediante
808 2470 1158 2549 magisteriolicclesiae.
1237 2549 1238 2554 ἵ

225 2560 315 2623 Unde
330 2563 432 2638 potest
445 2560 561 2640 dogma
574 2563 748 2623 revelatum
759 2562 881 2623 definiri
898 2583 905 2624 :
926 2561 1036 2624 vetrae
1050 2570 1129 2623 certe
1143 2582 1161 2621 α

225 2652 1157 2736 Deorecetcto‚etabEcclesicpropositcfirmiterquemedendo.
1236 2725 1237 2728 Ἴ

265 2747 362 2806 Porro
378 2745 446 2806 haec
459 2745 575 2807 veritas
590 2764 657 2806 esse
671 2749 775 2825 potest
791 2747 841 2808 vel
857 2747 974 2808 ordinis
988 2765 1077 2807 mere
1089 2766 1161 2826 spe·

226 2837 352 2898 culativi
371 2838 421 2897 vel
441 2837 559 2898 ordinis
577 2839 705 2900 moralis
726 2858 782 2900 seu
802 2839 948 2918 praetiei;
970 2843 1018 2900 est
1039 2839 1159 2900 ordinis

225 2948 312 2990 mere
326 2930 507 3009 sperantia,
523 2931 548 2991 si
564 2932 709 3012 quaedam
724 2932 764 2993 sit
777 2932 892 2994 veritas
907 2950 977 3012 quae
994 2932 1036 2992 ad
1052 2949 1159 2992 mores
1235 2933 1236 2952 ³

226 3021 389 3082 hominum
404 3021 584 3102 dirigendos
601 3024 718 3086 directe
733 3043 796 3086 non
809 3025 974 3102 referatur,
985 3043 1016 3086 v.
1028 3044 1060 3104 g.
1076 3043 1159 3084 unus

226 3117 273 3174 est
286 3115 380 3191 Deua,
397 3119 469 3188 etc.;
486 3116 604 3177 ordinis
617 3135 692 3178 vero
707 3118 826 3202 accretae
839 3121 871 3178 et
883 3116 1024 3196 practici,
1041 3117 1068 3178 si
1083 3135 1159 3179 con-
1234 3131 1235 3136 ’

226 3206 335 3268 stituat
346 3207 534 3287 principium
542 3210 662 3271 morale
673 3210 902 3290 quoddam,seu
913 3209 1029 3271 veritas
1040 3208 1159 3290 quaead

225 3319 330 3361 mores
344 3299 507 3361 hominum
521 3301 736 3365 informandos
752 3303 869 3365 directe
884 3303 1051 3379 referatur,
1071 3321 1104 3364 v.
1125 3321 1156 3380 g.

226 3392 380 3455 amandus
395 3396 442 3454 est
454 3395 548 3457 Deua.
565 3395 629 3457 Sed
641 3396 692 3456 vel
705 3396 798 3457 unius
810 3396 851 3457 sit
862 3396 913 3457 vel
928 3395 1057 3457 alterius
1073 3393 1159 3455 ordi·

226 3485 289 3562 nis,
309 3504 423 3564 nempe
442 3486 625 3566 speculativi
646 3491 701 3549 aut
719 3489 862 3565 moralis,
883 3505 1047 3568 nunquam
1063 3503 1156 3548 suum

226 3575 358 3640 limitem
371 3578 504 3656 excedit,
521 3596 634 3662 nempe
646 3580 731 3664 quod
742 3580 783 3644 sit
793 3581 909 3644 veritas
923 3578 1096 3644 credenda.
