2502 4130
223 378 282 438 318
435 364 666 437 1usrrrurronns
687 391 770 437 rums
791 389 947 436 cruuntur.

154 579 156 586 -
226 555 297 618 quae
309 536 465 614 videlicet,
480 534 512 596 id
525 535 723 615 potissimum
736 533 952 610 intendebant,
965 536 1002 595 ut
1014 533 1164 594 benedic
1191 591 1196 600 .

224 631 324 694 tinam
337 631 491 709 regulam,
506 629 546 689 ad
561 647 654 690 suum
667 634 854 691 revocarent
873 627 1069 706 spiritumet
1087 632 1164 686 tem-

224 743 337 807 porum
361 723 600 793 circumstantiis
622 722 906 784 accommodarent.
923 723 1044 782 Forma
1059 724 1163 782 autem

225 817 344 880 stabilis
358 836 427 898 quae
438 817 561 896 integra
573 817 698 894 mansit,
709 819 803 896 atque
818 814 939 876 influxit
946 815 980 873 in
993 832 1108 874 omnes
1119 813 1163 873 in-

224 912 400 973 stitutiones
414 910 604 972 monasticas
623 909 717 990 hujus
729 908 891 988 temporis,
905 907 966 968 fuit
977 908 1093 986 regula
1111 908 1160 968 be

225 1005 402 1078 nedictina;
431 1004 566 1083 ideoque
590 1021 698 1081 omnes
723 1003 793 1082 plus
818 1002 923 1063 minus
946 1004 1084 1080 possunt
1107 999 1162 1069 sub

226 1098 348 1179 epocha
359 1097 561 1159 benedictina
573 1095 733 1158 confundi.

266 1194 319 1254 Ill.
345 1191 427 1253 Satis
442 1190 480 1251 de
501 1190 643 1252 historia.
659 1189 749 1262 Quod
765 1191 886 1268 spectat
900 1189 941 1250 ad
953 1196 1069 1250 statam
1080 1188 1163 1249 dccci·

222 1284 315 1364 plicae
328 1284 482 1364 regularis
497 1282 591 1364 hujus
603 1283 724 1362 periodi
739 1303 745 1343 :

265 1381 297 1438 1⁰
310 1380 395 1440 Intra
410 1377 546 1456 plurima
561 1377 764 1452 monasteria,
776 1379 936 1454 receptam
951 1375 1102 1438 videmus
1114 1396 1161 1438 re-

223 1471 331 1550 gulam
347 1489 556 1532 communem.
578 1470 711 1532 Periodc
735 1469 944 1546 antecedenti,
962 1469 1038 1532 licet
1053 1473 1160 1550 regula

224 1564 331 1626 Basilii
358 1563 453 1625 fucrit
482 1565 552 1643 plus
580 1563 684 1624 minus
719 1568 846 1642 recepta
872 1563 958 1643 apud
986 1565 1161 1626 monachos

225 1658 408 1735 orientaleS,
435 1661 542 1720 tamen
557 1655 748 1739 monasteria
769 1656 813 1717 sio
838 1659 929 1716 erant
951 1657 1106 1736 fundata,
1129 1662 1161 1720 ut
1241 1645 1242 1696 l

223 1750 335 1828 regula
357 1755 440 1812 esset
452 1753 484 1812 in
497 1770 593 1811 mann
605 1749 786 1830 superioria,
803 1749 893 1829 cujus
911 1753 981 1811 erat
999 1770 1099 1812 unam
1114 1771 1161 1812 re-

223 1843 331 1922 gulam
346 1844 446 1923 sequi,
464 1844 558 1904 aliam
571 1861 731 1922 respuere,
748 1861 844 1904 unam
859 1842 909 1902 vel
922 1842 1020 1903 aliam
1036 1844 1159 1906 diverso

223 1936 318 1997 modo
333 1936 526 1998 modificare.
550 1937 646 1999 Multo
666 1936 770 1996 minus
784 1954 859 1996 vero
875 1935 991 2014 singuli
1010 1937 1159 1998 monachi

118 2026 123 2035 '
223 2029 278 2090 uni
294 2030 515 2109 obligabantur
534 2027 670 2108 regulae',
693 2029 749 2089 sed
762 2028 799 2088 iis
813 2027 934 2090 licitum
956 2033 1028 2094 erat
1045 2030 1085 2090 de
1100 2049 1159 2104 uno

222 2123 254 2183 in
268 2123 364 2184 alium
378 2121 613 2199 monasterium,
626 2140 683 2200 pro
699 2140 756 2182 sna
768 2121 913 2182 libertate
921 2141 1057 2200 vagare,
1074 2127 1107 2184 et
1120 2123 1158 2183 ibi

221 2235 344 2278 moram
358 2219 466 2296 figere,
479 2216 504 2276 si
514 2215 568 2276 fini
583 2214 753 2276 obtinendo
766 2214 920 2294 majorem
929 2220 1159 2295 cognoscerent

222 2311 399 2372 utilitatem.
425 2309 514 2371 Unde
539 2327 598 2370 neo
616 2309 727 2370 aderat
753 2310 816 2369 fixa
842 2311 873 2369 et
897 2308 1020 2370 stabilis
1050 2310 1159 2388 regula
1241 2383 1242 2390 ἵ

221 2403 306 2480 apud
317 2403 440 2463 diversa
452 2403 643 2466 monasteria
658 2405 803 2480 recepta,
824 2420 882 2462 nec
893 2403 956 2466 fixa
972 2401 1158 2481 stabilisque

221 2511 312 2555 mora
325 2495 564 2558 monachorum.

260 2591 301 2650 At
313 2589 423 2669 regula
434 2589 635 2652 benedictina
649 2589 761 2650 eadem
775 2589 815 2650 ab
832 2587 978 2650 omnibus
997 2593 1158 2651 monaste-

162 2716 167 2720 ·
220 2682 274 2744 riis
290 2681 534 2744 occidentalibus
558 2685 687 2762 recepta
712 2685 769 2743 est.
793 2683 969 2760 Eapropter
990 2681 1157 2742 uniformis

220 2776 347 2838 omnino
363 2794 429 2836 csse
445 2775 540 2853 coepit
551 2775 616 2836 vita
637 2774 828 2848 monastica;
846 2774 994 2853 quaedam
1014 2793 1073 2852 pro
1093 2793 1156 2836 om-

219 2868 311 2928 nibus
325 2868 467 2930 instituta
478 2867 644 2947 tyrocinia,
655 2867 694 2928 ad
708 2867 770 2928 hoo
784 2871 819 2928 ut
832 2867 865 2926 in
880 2866 1026 2928 ordinem
1044 2867 1156 2928 admit-

218 2963 374 3035 terentum
392 2961 539 3040 quaedam
554 2960 763 3022 determinata
778 2959 943 3038 professio,
962 2978 1028 3039 qua
1044 2958 1157 3039 singuli

218 3055 335 3135 rogulae
346 3073 380 3115 se
391 3054 589 3134 obligabant3
603 3054 748 3134 quaedam
760 3053 1083 3130 vestisdeterminata,
1094 3072 1156 3133 qua

151 3228 153 3232 Ι
217 3148 364 3212 monachi
384 3148 424 3209 ab
444 3147 512 3208 aliis
529 3147 812 3226 distinguerentur3
827 3145 974 3225 quaedam
989 3146 1154 3207 uniformis

218 3243 379 3323 dispositio
401 3240 616 3319 independens
638 3259 657 3299 a
671 3241 830 3302 voluntate
846 3238 1018 3318 superioris
1032 3239 1152 3314 localis,

218 3357 281 3418 qua
295 3333 512 3417 aequanimiter
526 3332 632 3394 omnia
642 3333 819 3395 Occidentis
831 3333 1025 3394 monasteria
1038 3333 1154 3411 gnber-

216 3431 383 3500 nabantur.

257 3525 288 3578 2⁰
310 3523 377 3580 Non
392 3523 513 3580 tantum
534 3520 645 3596 regula
665 3520 840 3582 communis
852 3519 935 3581 intra
949 3519 1077 3583 diversa
1088 3538 1152 3581 mo-

217 3609 363 3682 nasteria,
376 3610 536 3670 sedetiam
547 3610 689 3688 regimen
702 3629 879 3674 commune.
890 3615 970 3674 Nam
981 3613 1058 3676 licet
1064 3614 1152 3695 juxta
