2542 4122
185 337 246 400 mc
395 345 627 398 rusnmnouus
647 347 730 396 murs
750 343 906 396 summor.

186 491 382 574 quodidioino
394 493 550 574 aspicito,
568 491 716 573 cujusest
727 494 763 554 ut
780 494 928 571 procuret
947 489 1079 552 domam
1090 492 1123 552 ct

186 587 273 667 piam
297 586 523 648 institutionem
544 586 577 646 in
602 585 747 646 omnibus
772 585 945 664 gymnasiis
962 584 1015 645 vel
1037 584 1123 646 aare·

188 681 265 742 naeis
280 679 406 741 ditionis
423 678 555 740 Romani
571 678 740 740 Pontifiois.
753 680 925 756 Propterea
938 695 1003 738 non
1018 679 1123 738 exten·

188 773 273 835 ditur
287 773 327 833 ad
338 771 517 833 universam
528 771 711 847 Ecclesiam,
728 768 784 831 sed
798 774 921 831 tantum
936 769 977 830 ad
999 771 1123 830 univer·
1249 812 1267 836 .,

188 885 259 927 sum
271 869 387 926 statum
405 864 613 943 temporalem
624 863 772 924 Ecclesia
791 879 942 923 romanae.
970 863 1021 922 Ab
1043 862 1124 922 illius

185 958 401 1041 jurisdictione
417 957 594 1018 eximuntur
606 957 710 1018 omnia
725 955 857 1034 collegia
865 958 1024 1033 exempta,
1033 955 1124 1016 semi-

189 1051 288 1126 naria,
302 1050 417 1112 schola
430 1049 668 1127 monachorum,
685 1052 744 1110 eto.

230 1143 352 1206 XXVll.
377 1141 457 1203 Doto
486 1141 528 1202 sio
558 1141 675 1202 cottone
711 1140 839 1201 omnium
867 1140 1127 1220 congregationum

189 1255 388 1310 runonorum,
399 1253 543 1316 ponamus
554 1241 669 1316 oportet
682 1234 783 1315 otique
794 1233 949 1314 principia
969 1233 1005 1294 de
1027 1251 1127 1294 eurum

190 1329 374 1390 auctoritate.

229 1425 261 1482 i⁰
281 1420 461 1483 Jurisdictio
474 1420 587 1480 harum
606 1419 887 1500 congregationum
902 1421 950 1479 est
963 1419 1124 1498 delegata.

229 1517 261 1576 2⁰
281 1513 460 1574 Auctoritas
470 1531 540 1592 quae
555 1513 770 1591 utplurimum
791 1515 823 1573 et
842 1511 1056 1572 communiter
1082 1512 1130 1572 iss

193 1623 340 1668 concessa
350 1607 407 1682 est,
417 1606 524 1667 estvel
534 1605 796 1681 teoonomioa,vel
803 1603 1006 1684 judicialisin
1018 1605 1129 1666 ordine
1151 1665 1153 1670 ,

190 1716 259 1774 suo,
275 1715 331 1759 seu
343 1715 400 1775 pro
416 1698 550 1778 negotiis
564 1697 739 1776 assignatio.
751 1699 922 1775 Propterea
935 1697 1041 1758 solent
1051 1697 1130 1758 iniis

192 1795 228 1852 R.
237 1794 271 1852 P.
285 1806 375 1850 suam
386 1791 586 1868 interponere
596 1790 814 1851 auctoritatem
823 1790 888 1850 sive
900 1790 1048 1850 informa
1057 1807 1130 1869 gra-

192 1885 283 1960 tiosa,
292 1883 503 1944 siveinlorma
516 1883 835 1945 contentiosa.Solum
846 1883 1130 1962 aliquandopotest

194 1980 371 2056 competere
395 1975 444 2036 his
471 1975 767 2056 congregationibus
786 1975 925 2036 facultas
938 1975 1127 2054 legislativa,

192 2085 306 2150 nempe
321 2069 346 2130 si
362 2069 503 2131 consulto
523 2071 665 2129 Romano
688 2067 839 2130 Pontifioe
855 2067 973 2148 aliquid
997 2085 1130 2146 genera·

191 2165 264 2227 litor
273 2163 453 2243 disponant,
470 2161 548 2222 etad
560 2161 659 2222 instar
669 2161 775 2240 legum
788 2160 979 2239 generaliter
987 2161 1130 2240 promul-

191 2259 277 2335 gunt,
293 2256 378 2335 quod
393 2259 440 2316 est
454 2253 749 2330 extraordinarium,
767 2256 826 2314 eto.

177 2369 180 2375 ·
231 2353 265 2410 3⁰
276 2351 350 2408 Haec
360 2348 476 2426 duplex
484 2345 653 2407 auctoritas
669 2348 716 2405 est
727 2345 759 2404 in
770 2363 826 2406 suo
840 2363 955 2424 genere
963 2363 1127 2424 suprema,

192 2440 318 2520 qnando
332 2439 513 2500 immediate
532 2441 760 2516 repraesentant
783 2438 886 2518 ipsam
898 2439 1033 2499 Romani
1047 2440 1130 2500 Pon-

190 2531 281 2596 tificio
301 2531 530 2593 auctoritatem.
545 2529 635 2594 Unde
653 2549 673 2591 a
691 2531 846 2592 sententia
865 2530 980 2590 harum
993 2546 1132 2610 congro-

190 2625 353 2706 gationum
367 2641 431 2686 uon
453 2624 546 2686 datur
573 2623 703 2686 ulterior
722 2623 900 2702 appellatio.

229 2723 262 2779 4⁰
283 2717 463 2781 iurisdictio
474 2716 522 2778 his
537 2715 833 2795 congregationibus
845 2717 1132 2796 competensexer-

192 2813 280 2871 ostiu
303 2825 362 2888 pro
378 2809 502 2870 casibus
521 2808 633 2885 obviis,
649 2807 841 2893 quotidianis
867 2811 899 2870 et
920 2807 1091 2870 ordinariis
1111 2829 1133 2870 a

190 2901 358 2963 secretario
371 2901 565 2982 singularum
578 2901 869 2981 congregationum,
885 2915 957 2962 cnm
969 2913 1132 2964 consensu

160 3042 162 3046 ,
191 2993 358 3058 cardinalis
378 2995 534 3073 praefeoti3
552 3011 609 3074 pro
634 2994 758 3056 casibus
786 2997 892 3056 autern
906 2993 1037 3074 majoris
1057 3009 1134 3056 mo-

191 3088 298 3166 menti,
313 3088 353 3149 ab
367 3087 490 3166 integro
505 3087 649 3167 collegio,
659 3090 727 3149 tum
741 3087 960 3165 cardinalium,
973 3089 1042 3148 tum
1052 3105 1133 3150 con-

190 3181 355 3257 sultorum,
372 3179 530 3260 siquidem
543 3180 600 3242 hos
625 3181 752 3258 habeat,
769 3180 829 3242 hac
847 3197 922 3243 vero
947 3179 1134 3244 differentia

192 3273 276 3358 quod
295 3273 469 3336 cardinales
493 3273 631 3334 habeant
642 3277 751 3335 votum
774 3271 1025 3350 deliberativum,
1049 3291 1134 3335 con-

190 3369 323 3430 sultores
338 3384 413 3429 voro
434 3369 557 3429 tantum
568 3366 819 3428 consultativum.
829 3367 1000 3446 Propterea
1013 3365 1135 3431 ultima

192 3460 307 3522 decisio
322 3461 439 3538 pendet
453 3478 472 3520 a
486 3459 666 3540 majoritate
687 3461 834 3522 votorum
854 3457 1063 3522 cardinalium
1085 3461 1133 3524 de

193 3551 447 3629 congregatione.
491 3627 493 3630 Ι
