2518 4144
192 366 231 428 82
405 377 637 424 rrsrrrorrouns
656 379 739 424 roris
761 375 914 426 osuomtn

194 521 384 600 christianes,
396 541 452 584 sen
466 523 539 585 viiie
555 523 734 586 christianae
751 521 922 584 secundum
932 515 1130 600 iusiteiiqui

194 617 268 694 duo,
285 615 435 696 septimus
448 616 565 677 scilicet
582 621 613 677 et
630 620 769 692 octavus,
786 615 904 676 hubent
923 612 1028 677 varies
1046 629 1130 690 prec-

193 709 378 789 scriptiones
397 709 557 788 liturgices
583 713 614 772 et
636 710 784 772 morales.
806 711 966 772 Postremo
989 705 1129 784 donique

193 802 295 882 sepite
302 803 374 864 iibri
381 804 449 864 Vlll
456 803 651 866 subnectitur
660 803 789 883 quidem
796 801 967 880 catologus,
978 801 1128 862 constans

193 893 1029 977 seeundumslioscodices,quinquagintuseoundum
1036 891 1127 967 aiios,

193 990 352 1070 octoginta
365 989 503 1068 quinque
516 990 664 1052 brevibus
684 988 848 1065 sententiis
862 1005 932 1066 quse
949 985 1038 1049 bunc
1055 984 1128 1051 tius

191 1082 258 1143 lum
276 1083 413 1143 habent:
434 1081 563 1144 Coooncs
583 1083 647 1146 SS.
659 1083 865 1163 Apostolorum
874 1099 932 1161 per
949 1078 1130 1142 Clementem

192 1175 366 1249 Romanum,
382 1194 401 1234 o
414 1175 455 1236 B.
470 1175 562 1237 Petro
574 1177 743 1238 ordinatum
754 1175 947 1256 Episcopum,
959 1172 1046 1236 editi.

232 1269 294 1330 Sed
305 1269 413 1330 titulus
426 1269 477 1329 hio
491 1271 650 1348 speciosus
665 1271 717 1350 qui
733 1270 949 1331 difficultatem
966 1285 1032 1330 non
1053 1265 1128 1330 fecit

190 1363 406 1442 typographis,
428 1381 499 1424 eum
520 1365 639 1426 creavit
659 1363 789 1426 cruditis
808 1383 815 1424 :
833 1362 991 1445 siquidem
1008 1379 1060 1422 res
1081 1364 1128 1421 est

190 1457 284 1534 plene
302 1456 537 1532 controversiis
564 1457 695 1518 definire
714 1457 807 1538 hujus
826 1455 931 1534 operis
948 1458 1124 1530 auctorem,

190 1553 221 1610 et
242 1549 461 1611 auctoritatem
482 1550 648 1612 aestinrsre.
672 1553 750 1612 Gom
771 1568 847 1610 vero
865 1548 977 1609 eadem
996 1547 1125 1612 omniuo

190 1660 253 1702 non
268 1642 307 1702 sit
319 1643 473 1703 sententis
489 1661 559 1722 quae
574 1644 688 1704 debeat
704 1643 831 1710 retineri
851 1641 956 1722 quood
976 1641 1125 1703 constitu·
1179 1697 1183 1710 ,

189 1735 290 1796 tiones
315 1738 346 1794 et
372 1735 477 1811 quoad
505 1755 641 1796 oenones
664 1735 863 1815 apostolicos,
889 1735 962 1795 inde
992 1733 1125 1796 seorsim

189 1826 402 1887 disseremus:
425 1828 457 1885 1⁰
479 1826 518 1886 de
541 1829 828 1906 constitutionibus,
845 1833 876 1890 2⁰
890 1829 929 1890 de
950 1827 1125 1890 canonibus
1245 1837 1246 1862 ¹

189 1917 377 1998 apostolicis.

405 2070 415 2124 ς
430 2073 446 2114 1.
461 2082 492 2114 nr
505 2081 734 2116 oonsrrrurrournns
747 2083 899 2118 urosronrcn.

228 2195 264 2255 ΙΙ.
289 2193 402 2256 Omnia
421 2201 608 2276 arguments
628 2197 694 2258 sive
712 2198 898 2276 intrinsece,
920 2199 985 2260 sive
1006 2199 1123 2262 extrin-

186 2305 259 2348 sece
293 2287 443 2366 apostolis
470 2290 650 2352 auctoribus
676 2290 856 2371 hujusmodi
884 2293 1122 2355 constitutiones

186 2377 369 2457 abjudicent
385 2399 391 2439 :
410 2377 567 2444 intrinseca
584 2383 667 2442 enim
681 2377 750 2462 quae
765 2389 915 2462 petuntur
929 2405 949 2446 s
963 2386 1118 2464 doctrine,

186 2471 253 2530 tum
279 2467 475 2548 dogmatice,
496 2477 564 2534 tum
585 2476 711 2553 morali,
735 2481 803 2538 tum
819 2477 1027 2557 disciplinari,
1054 2485 1121 2540 tum

186 2561 336 2624 historice
350 2563 443 2646 hujus
458 2568 581 2644 operis3
596 2570 759 2632 extrinseco
774 2589 843 2650 quae
862 2572 1071 2634 desumuntur
1083 2593 1121 2634 ex

185 2653 315 2718 testibus
330 2657 388 2736 ipsi
405 2659 491 2738 operi
510 2663 676 2740 extraneis
697 2664 749 2742 qui
764 2663 846 2725 illius
862 2664 939 2726 dunt
949 2663 1116 2745 judicium.

226 2751 259 2810 1⁰
280 2751 365 2812 Inter
378 2751 431 2812 illo
453 2771 522 2832 quae
547 2773 585 2814 ex
606 2755 770 2836 doomotzbo
784 2765 874 2838 porte
897 2758 963 2819 erui
987 2763 1119 2838 possunt

184 2845 370 2920 argumento
385 2847 549 2924 sequentia
563 2848 748 2912 citabimus:

223 2933 407 3014 Hujusmodi
431 2939 666 3002 constitutiones
684 2943 830 3006 videntur
847 2945 929 3006 mele
945 2944 1062 3006 sentire
1078 2945 1117 3008 de

183 3026 345 3088 divinitate
360 3027 427 3088 Filii
444 3033 474 3091 et
487 3032 621 3111 Spiritus
636 3037 752 3098 Sancti.

223 3119 410 3184 Permittunt
432 3124 551 3186 ancillis
572 3130 607 3188 ut
624 3127 745 3190 libidini
765 3131 964 3192 dominorum
985 3149 1116 3193 suorum
1219 3202 1221 3208 ,

181 3212 363 3290 inserviant,
377 3214 490 3295 jubent
512 3221 548 3280 ut
572 3219 702 3282 iteretur
722 3223 878 3302 baptisma
898 3224 939 3286 ab
957 3224 1114 3287 baereticis

182 3305 340 3370 collatum.
357 3308 397 3370 Et
410 3308 454 3370 ite
469 3327 582 3389 porro:

220 3401 294 3462 Haee
306 3399 379 3462 oum
392 3401 583 3467 abhorreant
593 3421 613 3466 c
623 3406 767 3470 doctrino
781 3411 1005 3489 apostolorum,
1014 3411 1115 3472 mani-

181 3489 294 3642 sesbbm
313 3496 361 3644 εἰει
384 3493 424 3553 ed
447 3495 550 3556 minus
571 3497 696 3560 vitiatos
710 3501 804 3562 fuisse
829 3503 952 3564 codices
969 3503 1022 3583 qui
1038 3504 1113 3568 tuis

183 3597 220 3638 es
277 3601 340 3644 en.
