2604 4128
209 335 271 410 loa
418 341 646 392 rrsrrrurrorss
665 342 748 388 runis
770 338 923 387 canonos

210 494 386 557 dividemus
402 490 434 550 in
449 488 606 568 duplicem
620 486 790 548 sectionem
807 506 814 546 :
831 484 947 564 prima,
964 485 1004 544 de
1026 485 1142 546 collec-

209 587 346 649 tionibus
359 583 568 646 Decretalium
579 599 648 660 quae
660 599 680 661 a
694 579 840 640 Gratiano
851 578 891 638 ad
902 577 1089 656 Gregorium
1098 580 1140 639 ix

210 679 302 740 edite
325 680 418 749 sunt;
444 674 598 749 secunda,
620 673 659 732 de
682 670 916 732 collectionibus
929 671 1141 732 Decretalium

210 791 280 852 quar
295 790 316 832 a
329 767 478 849 Gregorio
497 769 538 827 lX
560 766 601 826 ad
624 764 838 826 Tridentinam
861 781 961 842 usque
982 763 1141 841 synodum

209 866 300 928 factae
314 867 396 924 sunt.

299 1013 310 1068 ς
324 1016 340 1057 1.
355 1025 385 1056 nr
398 1019 596 1056 oonnrcrronrnus
610 1019 780 1052 nrcnnrnnruu
794 1017 857 1050 surr
870 990 1044 1050 sincerrima.

249 1138 398 1202 Ordinem
419 1135 614 1197 antecedenti
641 1133 809 1212 analogum
831 1137 1141 1212 sequentespperse-

130 1239 135 1248 '
209 1249 343 1312 quemur
355 1229 440 1308 quod
454 1231 590 1308 spectat:
609 1230 638 1288 1⁰
654 1227 694 1286 ad
709 1224 882 1301 historiam,
897 1228 928 1285 2⁰
946 1224 987 1285 ad
1004 1224 1141 1286 auctori-

208 1328 305 1386 tatem
316 1322 429 1382 harum
442 1321 672 1382 collectionum.

445 1475 463 1512 1.
481 1474 512 1512 Dc
523 1471 618 1512 tutona
633 1473 726 1513 litorum
739 1471 899 1512 collectionum.

247 1601 285 1663 11.
309 1597 421 1662 Statim
435 1613 473 1658 ac
485 1594 584 1658 codex
599 1595 764 1657 Gratianus
774 1595 920 1674 vulgatus
932 1598 989 1672 est,
1003 1598 1034 1656 et
1046 1611 1139 1656 cauo-

208 1695 308 1770 nistae,
323 1691 458 1770 separati
474 1689 667 1767 atheologiS,
680 1687 779 1768 juncti
792 1690 864 1748 sunt
873 1705 946 1746 cum
958 1687 1139 1748 doctoribus

204 1787 284 1869 juris
311 1784 408 1845 civilis
439 1786 470 1843 et
493 1781 626 1860 publici,
649 1798 705 1859 pro
730 1784 863 1859 utroque
883 1779 954 1860 jure
986 1780 1138 1840 tradendo

209 1878 410 1940 instituerunt
423 1874 610 1938 academias
629 1873 737 1952 Operis
750 1871 797 1932 sui
811 1891 877 1934 esse
893 1873 1049 1946 duxerunt
1060 1877 1096 1934 ut
1107 1874 1138 1933 in
1214 1881 1217 1888 '

209 1975 342 2050 utraque
365 1967 542 2046 disciplina,
560 1985 673 2046 nempe
692 1969 759 2026 tum
773 1965 930 2042 canonici,
951 1969 1018 2028 tum
1040 1966 1139 2027 civilis

205 2063 306 2145 juris,
324 2062 476 2141 analogus
490 2064 593 2122 textus
606 2063 674 2121 tum
688 2052 861 2138 magistriS,
878 2062 945 2119 tum
958 2058 1140 2120 doctoribus

208 2158 447 2236 proponeretur.

248 2252 395 2311 Jamvero
416 2247 468 2328 jus
491 2263 673 2321 romanum,
708 2243 792 2324 quod
817 2249 956 2324 coeperat
978 2244 1139 2324 perillam

210 2345 334 2404 aetatem
344 2339 529 2401 reviviscere
541 2339 573 2398 in
584 2338 672 2398 ltalia
686 2341 718 2398 ct
731 2355 854 2398 summa
866 2338 897 2397 in
912 2338 1140 2400 existimatione

210 2435 251 2494 ab
264 2433 408 2493 omnibus
418 2431 543 2507 haberi,
558 2433 709 2508 tanquam
721 2429 818 2507 ipsius
827 2430 907 2510 juris
922 2434 1138 2510 prototypum,

211 2525 333 2586 duobus
364 2523 573 2585 voluminibus
601 2522 944 2600 comprehendebatur,
975 2523 1141 2584 Pandectis

211 2635 324 2696 nempe
339 2619 370 2679 et
384 2615 492 2678 codice
510 2636 516 2676 :
534 2614 700 2676 Pandectae
721 2615 1030 2693 comprehendebant
1046 2616 1142 2696 juris-

212 2710 411 2788 prudentiam
419 2728 474 2769 seu
481 2708 774 2790 jurisconsultorum
780 2725 944 2786 responsa;
958 2709 1056 2769 codex
1064 2727 1141 2770 vero

213 2801 380 2863 exhibebat
394 2801 571 2880 principum
583 2820 638 2860 seu
653 2800 878 2878 imperatorum
892 2802 1016 2880 placita.

252 2896 447 2955 Censuerunt
456 2893 551 2972 igitur
565 2893 733 2954 canonistae
744 2894 905 2954 decretum
917 2894 1053 2956 Gratiani
1065 2915 1142 2974 quo-

212 2987 381 3049 dammodo
391 2990 541 3065 tanquam
552 2986 780 3047 pandectarum
790 2987 858 3047 loco
868 3006 900 3046 se
909 2987 1025 3048 hahere
1036 3007 1140 3067 posse,

213 3079 316 3160 quod,
330 3082 365 3140 ut
376 3078 517 3157 pluribus
530 3078 689 3139 sententiis
703 3079 866 3155 refertum,
883 3083 1034 3158 tanquam
1045 3079 1143 3160 juris-

212 3172 403 3252 prudentum
415 3171 447 3230 iu
459 3171 530 3252 jure
541 3169 748 3232 ecclesiastico
760 3189 910 3249 responsa
926 3173 1042 3232 referre
1055 3172 1142 3234 vide-

212 3266 317 3326 batur.
328 3265 435 3341 Porro,
454 3263 668 3324 desiderabilis
681 3267 786 3325 autern
797 3267 960 3342 supererat
972 3265 1071 3326 codex
1085 3284 1142 3328 seu

214 3358 361 3438 quaedam
379 3356 536 3432 collectio,
554 3374 623 3436 quae
642 3357 711 3416 talis
733 3361 815 3416 osset
828 3360 967 3434 natura,
991 3359 1026 3418 ut
1040 3358 1141 3418 codici

212 3452 229 3513 J
233 3450 406 3512 ustinianeo
421 3449 498 3510 inre
512 3447 593 3509 civili
604 3449 778 3527 comparari
795 3454 914 3527 posset3
930 3468 1023 3528 porro
1037 3450 1144 3511 nullus

212 3542 300 3612 loeus
311 3547 380 3606 erat
388 3542 499 3626 injure
511 3540 660 3603 canonico
670 3541 721 3620 qui
733 3541 832 3620 possit
841 3542 952 3604 melius
965 3542 1143 3623 principum
