2542 4122
179 327 235 386 198
388 338 617 386 Insrlrorlonns
638 341 721 386 Juals
742 340 897 386 dancmar.

178 482 296 544 Deinde
319 481 450 543 facultas
477 499 530 542 cos
557 481 691 562 eligendi
719 485 760 544 ad
774 484 855 545 solos
882 481 1114 544 cathedralium

178 575 344 636 canonicos
368 575 496 635 redacta
519 574 591 648 suia
617 576 746 636 landem
771 576 903 636 Romani
929 575 1111 650 Pontifices,

176 669 249 728 inde
264 687 283 728 a
296 668 454 730 Clemente
470 669 520 744 V,
536 673 700 746 coeperunt
712 669 770 730 sihi
786 687 950 729 reservare
966 667 1115 728 nomina-

176 762 294 823 tionem
321 761 362 820 ad
386 759 539 838 quosdam
555 761 644 821 sedas
660 761 864 840 episcopales.
888 760 1009 821 Nostris
1034 779 1113 820 vcro

177 853 387 933 temporibus,
405 852 576 913 nominatio
596 853 649 914 illa
670 873 727 932 per
749 854 899 932 specialia
920 853 1114 914 concordata

179 947 414 1008 determinatur.

220 1039 423 1121 Coofluootio.
439 1038 665 1117 Episcoporum
679 1039 774 1100 hodie
785 1059 848 1100 non
859 1040 899 1100 ah
909 1039 969 1100 alio
984 1057 1080 1118 quam
1093 1057 1115 1098 a

178 1137 318 1194 Romano
345 1131 495 1191 Pontifica
517 1133 619 1209 potest
639 1131 707 1191 fieri
723 1151 729 1192 ε
746 1133 880 1193 formato
903 1149 1053 1209 processu
1074 1130 1114 1189 de

177 1225 242 1286 vita
266 1223 450 1286 atmoribus
468 1225 767 1302 promovendorum,
787 1223 995 1304 proerooisotio
1018 1225 1056 1284 fit
1082 1222 1114 1281 in

177 1317 278 1395 primo
301 1316 495 1392 consistorio,
522 1334 591 1395 quaa
606 1316 707 1376 vicem
730 1317 889 1377 electionis
910 1317 1017 1392 habai,
1035 1318 1068 1376 ct
1082 1315 1115 1374 in

177 1408 314 1468 secundo
337 1408 520 1469 consistorio
543 1410 578 1469 fit
597 1408 696 1470 altera
713 1409 944 1487 praeconisatio,
962 1426 1033 1486 quae
1049 1408 1115 1468 vim

178 1501 274 1561 hahet
286 1501 541 1562 confirmationis

217 1592 268 1654 Sic
289 1594 405 1653 electus
430 1597 461 1653 et
479 1593 629 1672 canonice
652 1595 855 1655 confirmatus
870 1594 1002 1672 integras
1015 1593 1115 1673 juris-

177 1684 319 1746 dictionis
334 1688 487 1762 potestate
502 1687 608 1746 statim
622 1687 732 1763 pollet,
752 1691 783 1747 ct
797 1689 918 1764 potest,
936 1687 1115 1746 secundum

173 1778 225 1858 jus
241 1775 325 1855 quod
336 1776 364 1836 ai
378 1777 537 1854 competit,
554 1779 707 1839 rationem
722 1779 1004 1840 administrationis
1018 1779 1114 1838 officii

177 1870 301 1949 exigere
326 1889 345 1929 a
370 1868 487 1930 vicario
512 1871 687 1948 capitulari,
713 1875 855 1950 tempore
870 1872 954 1932 sedis
969 1871 1114 1933 vacantis

177 1963 356 2038 constituto,
374 1965 404 2022 et
418 1962 443 2021 si
459 1981 530 2022 rcus
545 1964 731 2040 reperiatur,
744 1959 866 2043 punire.

215 2059 351 2118 Tenetur
371 2056 693 2116 tamen-confirmatus
710 2057 793 2118 iutra
805 2061 868 2118 tras
880 2076 1007 2118 menses
1024 2076 1043 2117 a
1063 2057 1115 2118 die

157 2149 420 2211 'confirmationis
441 2166 555 2208 munus
572 2150 794 2210 consecrationis
809 2171 873 2211 suec
896 2169 1033 2228 sumere,
1055 2151 1114 2210 sub

176 2241 636 2320 poenaamissiouisfructuum3
654 2244 684 2301 et
695 2242 719 2302 si
729 2242 812 2304 intra
822 2247 885 2304 tres
896 2244 975 2304 alios
986 2262 1113 2303 menses

176 2335 208 2394 id
231 2354 294 2394 non
320 2333 505 2411 impleverit,
528 2333 667 2394 Ecclesia
691 2337 722 2395 et
746 2337 929 2415 episcopatu
952 2337 1021 2414 ipso
1039 2337 1113 2416 jure

176 2425 326 2504 privatur.
340 2425 536 2486 Consecratio
552 2423 615 2486 non
628 2427 723 2488 debat
737 2429 805 2488 ficri
817 2449 836 2490 a
850 2429 964 2489 minori
979 2447 1114 2489 numero

177 2535 271 2597 quam
294 2515 389 2577 trium
413 2516 652 2596 cpiscoporum,
677 2521 787 2582 saltem
818 2522 1005 2584 necessitate
1030 2540 1115 2600 prae-

177 2611 267 2690 capti.

215 2706 355 2765 Potestas
373 2701 521 2782 episcopi,
540 2721 609 2783 quae
623 2707 670 2765 est
683 2706 897 2785 subordinate,
915 2712 1021 2786 potest
1038 2727 1116 2768 cou-

175 2795 304 2855 siderari
322 2798 375 2854 :1⁰
402 2797 506 2874 quoad
518 2796 689 2876 questiones
709 2799 799 2880 fidei,
825 2819 881 2862 seu
900 2802 1006 2881 quoad
1026 2803 1114 2880 leges

174 2886 377 2966 dogmaticae.
395 2887 507 2966 Liquet
521 2907 559 2948 cx
572 2889 662 2950 dictis
676 2891 714 2951 de
726 2894 884 2970 personali
898 2894 1113 2974 praerogativa

176 2978 401 3042 infallibilitatis
422 2980 454 3039 in
479 2983 514 3041 R.
534 2983 568 3041 P.
597 2985 628 3043 et
651 2984 743 3044 simul
758 3005 796 3045 ex
810 2987 880 3064 ipsa
894 2990 1010 3048 natura
1024 2986 1110 3060 fidei,

176 3074 357 3155 episcopum
371 3091 434 3133 non
445 3090 536 3150 posse
553 3073 683 3136 definire
697 3079 885 3156 questiones
900 3079 940 3140 ad
956 3079 1031 3140 fidei
1040 3080 1112 3140 doc-

174 3169 289 3232 trinam
302 3165 503 3244 pertinentes.
531 3167 596 3226 Imo
612 3187 675 3229 non
695 3171 800 3250 dehet,
824 3176 859 3233 ut
885 3173 930 3233 ait
957 3172 1113 3233 Benedic-

175 3266 224 3323 tus
237 3261 306 3322 XIV
324 3259 367 3338 (in
375 3260 467 3318 tract.
482 3257 520 3316 dc
538 3277 606 3336 syn.
625 3261 744 3343 dimo),
762 3265 821 3326 sihi
837 3283 988 3344 arrogare
1005 3267 1112 3343 partes

171 3353 287 3436 judicis
314 3351 396 3412 inter
423 3349 625 3429 gravissimos
648 3355 812 3438 theologos
844 3377 951 3418 secum
983 3360 1112 3419 conten-

176 3448 295 3506 dantes

214 3536 289 3593 lude
305 3535 372 3610 jam
391 3534 532 3612 sequitur
549 3536 731 3616 episcopum
751 3561 814 3604 non
836 3543 954 3604 habere
974 3546 1111 3620 potcsta-
