2502 4130
352 335 392 382 DE
413 333 545 383 OBJEGTO
565 337 649 383 leals
671 336 826 384 canonici.
998 323 1057 388 293

119 480 256 545 naturali
268 481 557 560 suapersonalitate
565 481 811 560 essentspaliati.
824 481 944 543 Relatio
952 489 1058 544 autem

120 581 190 636 erat
214 574 381 647 naturalis3
394 578 561 653 propterea
574 591 637 635 non
651 573 753 653 patuit
765 575 831 635 tolli
853 575 893 636 ab
907 575 1056 653 Ecclesia,

118 669 183 729 imo
198 667 230 727 in
250 666 391 728 Ecclesia
407 673 545 747 recepta,
561 668 694 747 ipsaque
711 667 851 728 Ecclesia
864 685 972 728 servas
987 686 1059 729 suos

119 760 240 822 habuit.
259 759 322 822 Sed
347 763 382 820 ut
402 759 514 821 vitium
535 761 699 826 tolleretur
713 761 798 840 quad
813 760 1059 840 perhumanum

120 852 355 932 corruptionem
371 852 553 933 irrepserat,
570 872 694 914 summa
709 853 878 932 prudentia
892 853 989 932 caepit
1001 853 1060 914 Ec-

121 946 217 1008 clesia
235 964 274 1005 ex
292 963 355 1006 una
370 951 459 1024 parte
473 946 571 1007 servis
583 947 749 1027 injungere
760 945 972 1008 obedientiam
985 963 1060 1025 erge

122 1039 268 1101 dominos
287 1057 379 1112 suos;
401 1040 605 1101 excitavero
621 1039 794 1120 praedicare
806 1039 960 1119 principia
976 1057 1061 1100 aam-

121 1131 227 1192 muuis
251 1131 379 1210 originis
403 1132 543 1196 omniurn
557 1133 721 1194 bominum
744 1132 784 1194 ab
798 1151 861 1193 uno
877 1132 957 1208 Ada,
976 1149 1060 1193 cam·

121 1223 227 1286 munis
254 1225 462 1303 reparationis
493 1227 633 1286 omnium
669 1225 831 1286 hominum
855 1224 887 1285 in
916 1225 1058 1300 Christo,

122 1316 298 1379 communis
314 1316 495 1378 directionis
515 1322 545 1379 at
568 1317 776 1398 reparationis
797 1317 937 1378 amnium
958 1317 1060 1378 homi-

120 1427 199 1471 num
212 1410 245 1470 in
259 1411 354 1470 finem
366 1414 492 1472 aeternae
506 1410 720 1473 beatitudinis.
745 1412 811 1483 Oua
825 1411 942 1472 lactum
966 1413 1013 1472 661
1026 1414 1061 1472 ut

119 1509 243 1564 mentes
271 1502 320 1564 his
342 1503 505 1582 principiis
537 1504 665 1566 imbutae
683 1504 860 1571 ,debuerint
875 1503 990 1566 sensim
1012 1522 1060 1565 ra·

120 1597 229 1657 laxare
258 1595 430 1656 immanem
455 1597 542 1657 illam
556 1597 739 1658 servitutem
761 1615 831 1677 quae
846 1597 904 1658 sub
927 1597 1059 1676 imperia

120 1688 254 1750 romaric
267 1688 379 1768 viguit,
394 1689 495 1750 donea
507 1689 646 1752 Ecclesia
657 1707 726 1752 eam
737 1689 836 1752 valuit
848 1689 976 1751 omniuo
986 1690 1060 1751 abo-

119 1782 198 1858 lere,
224 1782 357 1843 reducta
383 1783 532 1844 servitute
549 1782 687 1844 insuam
706 1782 897 1862 primitivam
912 1784 1057 1860 formam,

120 1874 154 1936 id
170 1877 227 1952 est,
240 1874 273 1935 iu
289 1881 403 1954 puram
417 1876 617 1937 servitiorum
631 1875 831 1936 locationem.

163 1966 195 2028 4⁰
215 1970 293 2029 Item
319 1987 356 2029 ex
378 1968 450 2049 jure
478 1968 620 2048 gentium
648 1973 696 2027 est
719 1970 788 2028 orta
809 1967 967 2028 distinctio
980 1967 1062 2030 iuter

122 2061 300 2140 principem
311 2065 342 2124 61
356 2061 518 2141 populum,
535 2061 617 2121 inter
629 2059 831 2138 magistratus
845 2063 876 2120 61
889 2059 983 2135 aives,
999 2063 1058 2120 eta.

122 2156 212 2215 Hanc
239 2154 334 2216 etiam
355 2154 463 2216 debuit
485 2153 624 2232 recipere
638 2151 788 2229 Ecclesia,
812 2156 844 2212 ct
858 2169 978 2227 omnes,
996 2150 1062 2212 sive

123 2246 295 2326 principes
314 2248 379 2309 sive
402 2247 554 2324 subditos,
570 2251 722 2326 tanquam
736 2245 816 2305 filios
831 2262 904 2306 suos
926 2243 1064 2323 aquarii·

123 2339 219 2400 miter
233 2341 404 2419 suscipere,
429 2339 559 2401 sublatis
573 2342 697 2399 tantum
709 2338 791 2399 vitiis
814 2355 883 2418 quae
899 2337 973 2398 huia
984 2337 1064 2397 rela-

121 2431 204 2493 tioni
218 2436 425 2495 accesserant.
443 2433 601 2494 Inculcata
612 2431 652 2492 ab
665 2431 805 2493 Ecclesia
814 2431 968 2511 principio
979 2430 1064 2512 quod

128 2525 232 2587 omnis
243 2529 382 2606 potestas
398 2529 445 2588 est
455 2545 474 2586 a
484 2528 560 2603 Deo,
576 2525 660 2604 quad
672 2525 772 2586 amuis
786 2525 892 2586 anima
906 2525 1066 2588 sublimio-

125 2615 216 2680 ribus
230 2618 438 2698 potestatibus
452 2617 578 2680 subdita
592 2617 643 2694 sit,
664 2636 727 2678 uon
746 2621 868 2678 tantum
883 2621 1012 2695 propter
1025 2616 1065 2675 ti-

124 2727 261 2789 morem,
277 2712 333 2772 sed
347 2717 377 2772 et
391 2715 519 2792 propter
534 2710 766 2786 conscientiam,
784 2727 978 2788 consequens
997 2713 1065 2768 erat

126 2809 164 2868 ut
184 2809 442 2866 mansuescerent
460 2803 628 2883 principes,
648 2821 716 2863 sese
731 2802 985 2882 recognoscendo
997 2807 1064 2863 tan-

127 2917 225 2980 quam
240 2897 398 2976 simplices
413 2896 468 2959 Dei
481 2895 706 2972 mandatarius,
720 2896 828 2974 papuli
839 2901 1065 2958 venerarentur

125 2991 161 3054 in
176 2990 317 3071 principe
330 2990 500 3070 imaginem
513 2993 544 3051 61
552 2989 761 3050 ministerium
771 2989 838 3066 Dei,
851 2989 975 3069 utrique
989 3005 1064 3050 vera

129 3083 247 3163 optime
262 3083 395 3145 scientes
410 3101 477 3144 sese
491 3085 555 3144 Deo
565 3082 597 3142 iu
608 3081 694 3142 finali
704 3079 822 3160 judicio
833 3082 986 3144 rationem
997 3097 1064 3140 esse

128 3176 321 3239 reddituras.

170 3271 222 3330 lll.
248 3269 326 3331 nliae
340 3265 469 3331 tandem
484 3267 652 3330 relationes
665 3271 742 3330 artae
757 3273 831 3330 sunt
849 3287 887 3328 ex
897 3267 969 3347 jure
983 3264 1067 3343 pasi-

128 3362 195 3425 tivo
219 3362 441 3424 ecclesiastico.
459 3364 538 3424 Cum
552 3361 636 3423 enim
650 3360 791 3422 Ecclesia
813 3378 870 3440 pro
890 3377 946 3420 sua
968 3360 1066 3436 syste-

130 3459 215 3516 mate
230 3455 358 3534 poenali,
379 3473 436 3534 per
447 3473 568 3534 paenas,
584 3471 750 3516 censuram
764 3456 819 3513 aut
835 3450 1064 3532 poeniteutiam,

127 3548 203 3630 jura
216 3547 319 3610 laicali
334 3547 506 3613 conditioni
521 3546 731 3627 competentia
745 3545 795 3610 vel
805 3545 837 3608 iu
847 3563 881 3606 re
895 3541 1064 3621 imminuit,
