2540 4132
211 365 270 428 llo
421 380 650 428 rusr1rurronns
671 383 754 428 runis
776 381 930 428 cnuonrur.

209 523 332 584 nioatus
352 523 552 603 cathedralis,
582 527 641 587 sub
659 527 786 589 nomine
806 523 949 588 beneficii
977 521 1133 595 vacaturi;

209 616 336 678 nomine
352 618 496 678 beneficii
521 620 662 680 vacaturi
680 639 743 680 non
757 619 844 681 venit
863 617 1053 680 beneficium
1065 619 1137 676 'mor

209 713 365 783 erectum3
382 711 440 771 sub
455 711 580 772 nomine
592 713 731 791 generali
746 731 809 773 non
833 709 1137 788 comprehenduntur

210 803 412 881 particularia
422 822 491 882 quae
504 805 562 864 sub
576 805 703 866 nomine
719 805 847 883 speciali
861 803 1082 882 designantur.¹

249 900 303 955 2⁰¹⁰
319 897 432 957 Coroll.
450 898 532 975 Ergo
557 899 610 958 ubi
624 917 726 958 sermo
740 898 780 959 sit
801 898 849 980 de,
861 896 915 957 tali
941 894 1137 973 dispositione

211 1007 280 1067 quae
296 989 346 1049 vel
354 988 418 1068 juri
433 990 592 1050 communi
611 991 651 1051 sit
666 990 834 1066 contraria,
848 989 898 1049 vel
915 987 1051 1066 publieae
1062 986 1138 1047 utili-

208 1081 263 1142 tati
279 1080 473 1158 adversetur,
492 1083 542 1142 vel
550 1083 680 1143 nimiam
693 1084 916 1144 commonstret
929 1079 1138 1141 austeritatem

209 1174 258 1234 vel
270 1173 470 1235 severitatem
489 1175 686 1254 legislatoris,
711 1193 826 1237 novam
846 1173 1073 1253 obligationem
1093 1171 1138 1231 vel

208 1267 248 1328 ad
264 1266 389 1346 culpam
404 1268 453 1328 vel
469 1267 509 1327 ad
519 1269 778 1347 poenam-stricte
793 1257 1031 1346 interpretanda
1045 1268 1101 1326 est.

247 1363 284 1421 V.
301 1362 347 1421 Er
361 1360 411 1421 his
431 1361 604 1422 corollariis
624 1362 741 1422 dantur
758 1359 887 1439 intelligi
909 1362 1079 1438 sequentes
1096 1376 1140 1420 re-

207 1453 305 1530 gula,
322 1471 391 1533 quae
406 1453 522 1534 injure
542 1454 694 1515 canonico
717 1453 846 1532 allegari
868 1452 987 1524 solent3
1010 1468 1140 1530 quaeque

209 1545 258 1606 his
272 1546 434 1625 principiis
453 1547 719 1608 subordinantur:

249 1627 343 1700 Verb.
356 1657 387 1717 g.
405 1660 412 1700 :
431 1639 506 1700 Odia
519 1649 587 1701 runt
602 1639 822 1719 restrinpendu,
838 1637 954 1718 furores
970 1644 1070 1696 cuiun
1084 1656 1140 1696 urn-

206 1730 332 1811 ptiundi.
350 1730 508 1792 Proniorea
527 1752 584 1793 esse
603 1733 735 1794 debemus
753 1731 794 1792 ud
811 1729 978 1792 sulcandum
999 1749 1088 1810 quum
1107 1729 1145 1789 ud

210 1821 361 1902 liprandum
366 1840 379 1898 ,·
392 1824 442 1884 vel
457 1823 509 1883 ubi
517 1827 653 1904 purtiurn
665 1825 786 1886 obscuro
797 1825 857 1884 siut
865 1823 958 1904 jura,
974 1841 1024 1882 reo
1041 1821 1144 1901 sucen-

210 1914 279 1975 dum
298 1921 339 1975 est
355 1915 456 1995 potius
470 1937 555 1997 quum
569 1919 664 1979 actori
673 1939 685 1979 .·
698 1918 795 1980 actori
811 1917 895 1977 enim
907 1915 1059 1994 obligatio
1072 1933 1143 1994 pro-

209 2007 304 2069 bandi
329 2007 491 2071 incumbit.
513 2009 550 2070 In
569 2011 697 2072 obscuris
716 2011 869 2071 minimum
891 2016 933 2070 eet
951 2007 1142 2089 sequendum,

209 2121 264 2163 seu
277 2101 476 2182 quodminus
489 2107 614 2183 gravat3
632 2105 707 2166 item
723 2125 729 2164 :
739 2103 911 2184 principum
924 2101 1067 2182 beneficia
1077 2109 1143 2161 sunt

209 2195 428 2276 interpretenda
451 2197 631 2276 turpissima·
651 2197 748 2258 item:
766 2195 846 2256 decet
863 2194 1014 2276 principie
1035 2193 1142 2275 benefi-

208 2289 285 2348 cium
300 2309 357 2350 esse
370 2309 538 2350 mansurum
549 2309 560 2349 .·
575 2290 658 2351 unde
676 2290 700 2350 si
721 2290 881 2350 dubitetur
899 2307 940 2348 an
953 2287 1141 2365 rescriptum

208 2380 249 2440 sit
263 2384 501 2458 temporaneum
520 2386 574 2444 aut
595 2386 800 2460 perpetuum,
817 2380 1074 2460 praesumendum
1095 2384 1143 2440 est
1257 2369 1258 2428 Ῐ

208 2475 406 2548 perpetuum.
425 2475 503 2534 ltem
527 2474 595 2535 aliae
618 2475 736 2553 regulae
757 2494 763 2535 :
782 2492 848 2555 quoe
869 2493 887 2533 u
900 2473 974 2553 jure
997 2473 1145 2533 conmuni

208 2562 450 2642 cunctitonanon
459 2575 527 2626 aunt
538 2564 579 2629 ad
588 2567 722 2626 ultimam
734 2566 964 2648 consequentium
977 2565 1142 2626 tradendo:

208 2657 252 2718 sio
268 2657 449 2738 privilegia,
467 2660 682 2738 exceptiones3
704 2659 801 2720 item:
818 2659 898 2740 quod
908 2659 1003 2719 alicui
1014 2660 1144 2738 pretiose
1257 2691 1258 2706 t

209 2750 385 2826 conceditur,
401 2752 483 2812 trulii
496 2773 553 2813 uon
566 2751 648 2813 debet
660 2751 697 2812 nb
711 2752 778 2812 aliis
792 2751 833 2811 ud
845 2753 1028 2832 coemptum
1043 2753 1140 2814 item:

209 2841 345 2920 inponis
364 2843 567 2924 interpretatio
587 2845 737 2925 benipnior
751 2844 887 2924 furiendo
906 2852 966 2925 eat;
982 2846 1087 2906 metius
1100 2854 1143 2906 ert

208 2951 256 2994 reo
272 2932 420 3014 indutperi
431 2957 518 3017 quum
533 2939 710 2998 innocentem
724 2937 880 3013 damnare·
895 2942 926 2999 et
943 2938 988 3000 sio
1008 2939 1079 3000 aliae
1094 2959 1142 3000 re-

207 3026 300 3105 gulae.

247 3121 273 3180 V
276 3121 298 3180 l.
316 3122 370 3181 3nm
385 3121 498 3185 Theor.
521 3122 656 3184 Voluntas
673 3123 847 3205 tepuiutoris
866 3125 934 3184 tutio
943 3125 1144 3204 proeeurnitur

208 3212 322 3294 qucum
342 3213 479 3276 cubitent
498 3216 584 3278 uuio
605 3217 676 3296 lepis
695 3217 840 3278 intellectu
862 3217 893 3276 in
913 3227 1141 3292 succulenta,

205 3306 360 3368 secundum
385 3327 561 3369 cmnrnuncrn
586 3318 615 3368 et
641 3309 754 3371 obuium
780 3309 1026 3391 cipreificotioriem
1054 3313 1143 3390 υιιὶρο

206 3409 351 3479 receptam
365 3419 396 3460 eo
411 3407 539 3480 tempore
546 3403 714 3481 proesertirn
728 3423 784 3483 quo
796 3402 845 3462 teu
859 3401 939 3463 editu
950 3412 1002 3464 cst.
1115 3403 1119 3415 “

247 3492 337 3552 Ratio
353 3491 446 3571 hujus
460 3493 664 3555 theorematis
676 3499 723 3555 est
735 3495 819 3573 quod
832 3513 895 3555 non
908 3496 1033 3558 interna
1046 3498 1143 3577 legis-

208 3580 315 3640 latoris
341 3583 485 3643 voluntas
509 3587 556 3644 est
581 3603 651 3664 quae
674 3587 776 3662 legem
799 3587 890 3663 facit,
913 3589 968 3648 sed
992 3590 1143 3652 voluntas

1253 1651 1257 1850 l
