2518 4144
299 355 406 404 merci
428 357 581 404 sancitus
601 357 685 404 roais
707 357 861 406 carceres
1007 343 1046 406 63

108 501 320 564 vindicarent.
355 499 466 564 Maluit
500 499 694 579 principibus
720 505 872 580 tanquam
894 501 1046 580 delegetis

108 595 169 671 uti,
187 613 283 674 qnam
295 594 365 656 illos
376 597 528 673 tanquam
544 593 649 655 hostes
666 594 741 673 peti.

152 691 199 749 De
225 687 372 748 exercitio
397 687 504 766 itaque
530 686 739 764 spiritualium
763 685 1046 765 comprincipibus

108 784 206 862 pacta
221 783 285 853 est;
302 781 340 840 dc
353 782 601 857 temperamento
616 779 721 860 aliquo
733 779 877 840 iaciendo
888 779 1044 856 convenit,

108 893 175 936 non
188 873 227 934 de
238 873 314 951 ipsis
323 871 447 952 juribus
458 872 638 934 radicaliter
650 873 793 951 sumptis.
809 875 856 934 lte
865 871 1045 952 hujusmodi

108 970 242 1046 pactum
257 964 473 1043 primusinivit
485 965 628 1027 Callistus
638 985 711 1044 pap.
722 967 760 1043 ll,
770 983 852 1027 enno
861 967 949 1042 1122,
963 963 1047 1044 quod

108 1059 237 1122 celebre
257 1062 384 1137 pactum
408 1058 597 1119 callistinum
621 1059 819 1120 Worsmatiae
850 1059 1044 1136 conclusum,

108 1153 298 1230 Bamhergae
317 1154 426 1230 postea
440 1152 660 1212 confirmatum
677 1153 745 1230 luit,
763 1153 891 1213 demum
905 1153 937 1214 in
955 1153 1047 1214 hato-

109 1244 238 1307 ranensi
252 1244 382 1305 concilio
393 1245 613 1322 approbatum.

151 1341 200 1400 lta
211 1338 355 1400 fecerunt
365 1341 395 1398 et
409 1341 575 1416 sequentes
589 1340 679 1400 Rom.
693 1339 869 1416 Pontifices,
882 1338 983 1418 magis
998 1339 1046 1400 vel

112 1432 220 1493 minus
240 1430 441 1492 coneedendo
459 1420 666 1509 principibus,
684 1431 774 1512 juxta
799 1432 830 1492 id
858 1432 942 1512 quod
967 1435 1047 1494 tem-

112 1525 203 1605 poris
223 1523 463 1586 circumstentiae
482 1523 642 1604 requirere
661 1524 859 1586 videbantur.
885 1524 1046 1604 Siquidem

111 1637 227 1699 quum,
253 1635 415 1696 nunquam
429 1615 604 1695 interrupte
617 1617 803 1696 gradatione
824 1635 930 1680 asaec.
948 1620 988 1679 Xl
1006 1619 1046 1678 ad

109 1715 220 1774 nostre
233 1728 332 1790 usqne
342 1713 496 1788 tempora,
509 1709 762 1771 adversariorum
777 1710 923 1772 Ecclesiae
939 1710 1046 1790 odiqm

108 1805 142 1864 in
157 1803 384 1879 dissererent,
401 1803 445 1864 ita
459 1807 490 1864 et
503 1803 713 1865 mansuetudo
729 1804 888 1880 Ecclesiae,
901 1803 951 1864 cui
968 1823 1047 1865 sem-

108 1916 169 1976 per
188 1897 229 1956 ad
248 1896 415 1974 ampliores
431 1896 621 1958 descendere
636 1897 853 1958 concessiones
868 1895 971 1958 visum
985 1901 1042 1972 est,

109 2009 152 2052 ne
181 1989 353 2050 maximum
379 1989 451 2050 inde
480 1989 658 2050 animarum
690 1989 866 2068 periculum
888 1989 1041 2062 oriretu1·;

108 2102 196 2145 nunc
216 2082 350 2144 exordiri
365 2081 489 2144 videtur
503 2100 585 2143 nova
602 2081 838 2143 inimicitiarum
852 2081 959 2160 phasis
974 2099 1044 2160 quae

109 2177 192 2240 forte
204 2176 308 2255 prima
322 2175 458 2238 atrocior
471 2175 623 2237 evadat...

340 2327 367 2370 11,
383 2329 413 2367 Dc
423 2327 604 2368 concertatorum
614 2327 698 2367 natura
709 2327 729 2366 et
742 2324 824 2366 valore.

105 2497 110 2504 .
152 2453 220 2512 Vll.
243 2451 288 2510 llx
312 2449 427 2510 tradita
452 2450 714 2512 concordatorum
733 2448 865 2510 historia
897 2447 1047 2509 nonnulla

110 2544 283 2604 inferemus
299 2543 464 2604 corollaria
484 2559 553 2622 quae
571 2542 743 2604 inservient
760 2542 800 2602 ad
815 2542 940 2603 illorum
956 2543 1047 2600 netu-

110 2655 183 2698 ram
202 2636 426 2710 determinare;
445 2655 507 2717 qua
526 2635 786 2698 determinatione
802 2635 894 2710 lacto,
909 2632 1047 2694 breviter

109 2729 298 2792 eorumdem
312 2729 452 2790 valorem
467 2729 691 2807 expendemus.

152 2824 186 2883 1ο
208 2821 328 2883 Natura
354 2821 765 2883 emmeramensem.
790 2818 972 2882 Coccordcta
991 2839 1048 2880 noa

107 2924 179 2978 seut
202 2915 341 2978 absolute
369 2915 565 2989 necessitatis,
590 2914 642 2976 sed
662 2921 775 2974 tontum
799 2913 996 2994 hypothetice
1017 2913 1048 2972 in

109 3009 258 3074 Ecclesia.

152 3103 297 3168 Vidimus
316 3103 401 3165 enim
422 3121 479 3180 per
497 3102 559 3164 tria
574 3101 691 3164 saecula
711 3100 883 3162 Ecclesiam
905 3101 1046 3162 floruisse

111 3197 171 3260 suh
185 3195 318 3276 paganis
331 3195 583 3276 imperatoribus,
596 3195 672 3276 quin
687 3198 794 3257 tamen
804 3195 903 3256 ullum
918 3212 1049 3256 concor-

113 3291 224 3352 datum
248 3289 402 3368 potuisset
418 3288 600 3368 excogitari,
618 3288 672 3349 diu
686 3287 858 3350 effloruisse
882 3306 981 3367 usque
1006 3285 1047 3344 ad

111 3402 185 3446 seeo.
206 3385 261 3444 Xll
289 3383 348 3444 suh
372 3382 503 3461 imperio
528 3381 709 3459 christiano,
729 3381 805 3461 quin
830 3383 894 3442 ulle
918 3381 1047 3440 daretur

111 3495 225 3540 eorum
239 3476 419 3538 necessitas.
961 3495 964 3501 ’

152 3573 241 3633 'lunc
263 3571 366 3633 solum
388 3570 505 3632 hahere
525 3571 691 3648 coeperunt
709 3567 863 3629 rationem
879 3581 944 3628 suae
968 3561 1049 3625 exis-
