2542 4122
353 357 392 402 nn
414 357 645 404 cerneremus
669 357 822 406 dancmar.
993 345 1051 406 255

119 505 227 582 petest
236 501 326 564 citius
336 502 497 564 autcarius
509 502 657 582 deligere.
673 503 735 564 Sed
747 502 919 582 capitulum
929 504 1053 564 tenetur

120 595 294 658 transferre
304 593 555 675 jurisdictionem
570 596 602 655 in
616 595 768 656 vicarium
785 595 1007 674 capitularem,
1023 601 1054 658 et

120 689 252 768 quidem
272 688 358 750 intra
370 688 438 748 dies
462 705 530 749 vrri.
554 688 684 761 Quodsi
700 688 865 765 distulerit,
882 687 935 768 jus
956 687 1053 767 depu-

118 781 212 844 tandi
225 781 310 842 hunc
334 780 487 841 vicarium
501 781 678 842 devolvitur
697 782 729 842 in
751 781 1003 859 metropolitam,
1027 782 1054 842 si

120 876 237 952 agatur
251 873 290 934 de
312 873 444 934 eeclesia
461 875 676 952 suffraganea;
699 875 731 934 in
746 875 956 954 antiquiorem
972 875 1050 953 epis-

119 985 239 1044 cenum
264 965 449 1044 provinciae,
469 967 496 1026 si
522 966 561 1026 de
574 967 817 1047 metropolitana
840 966 987 1040 ecclesia3
1011 967 1052 1028 ad

117 1057 303 1120 viciniorem
314 1058 506 1138 episcopum,
523 1059 549 1119 si
560 1059 599 1120 de
610 1059 743 1121 ccclesia
755 1063 911 1139 exempta.
924 1059 975 1122 Sic
985 1060 1052 1122 'lci-

118 1153 296 1229 dentium,
312 1153 367 1212 ubi
376 1170 485 1230 supra.

161 1243 297 1306 Secunda
308 1245 485 1306 differentia
500 1249 547 1308 est
563 1247 648 1325 quod
663 1246 830 1325 episcopus
845 1249 949 1326 potest
969 1246 1052 1307 vica·

117 1337 171 1400 ric
181 1357 238 1400 auc
253 1338 393 1418 generali
412 1357 483 1399 eam
498 1357 594 1418 quam
608 1339 675 1400 vult
691 1338 943 1419 jurisdictionem
968 1357 1052 1400 ccm-

118 1431 246 1492 mittere
258 1453 265 1504 ;
282 1465 322 1478 -
336 1450 399 1492 nen
412 1435 518 1510 petest
531 1436 638 1493 tamen
652 1432 712 1493 sibi
726 1451 888 1493 reservare
901 1433 1053 1494 nonnulla

120 1542 194 1604 quea
204 1525 242 1584 da
251 1523 498 1604 jureadhaerent
511 1525 614 1586 efficio
630 1526 739 1586 dcccii
755 1526 927 1605 generalia;
942 1559 982 1572 -
997 1526 1053 1586 sed

119 1617 268 1696 quaedam
280 1617 433 1697 euntjura
451 1619 643 1698 episcopalia
660 1637 731 1698 quac
750 1619 775 1679 si
792 1619 831 1679 de
846 1618 976 1698 speciali
989 1637 1052 1681 nen

119 1711 237 1772 eamn
248 1711 288 1771 ab
301 1710 459 1790 episcope,
471 1711 503 1770 iu
513 1711 666 1772 vicarium
676 1712 859 1791 generalem
871 1729 936 1773 non
949 1715 1053 1774 marra-

117 1802 274 1865 fcnmtur.
299 1805 398 1865 Secua
421 1804 615 1882 capitulam,
635 1803 727 1884 juxta
745 1806 934 1866 &atentiam
957 1805 1052 1866 hodie

119 1895 505 1974 ecmmumterrecaptam,
515 1897 733 1976 quamBaned.
742 1899 811 1958 XIV
818 1897 857 1957 de
864 1915 932 1974 syn.
942 1898 1049 1974 ditae,

117 1989 181 2065 Li,
197 2007 225 2050 0.
240 1993 270 2066 2,
286 1989 352 2050 etl.
370 1993 402 2066 4,
418 2007 447 2050 c«
457 1993 487 2066 8,
503 1989 616 2066 innuit,
628 1993 754 2051 tenetur
763 1988 948 2049 universam.
956 1990 1052 2070 jurie-

118 2081 291 2144 dieticnem
301 2099 371 2162 quae
380 2081 461 2142 adse
471 2082 727 2159 devoluta.eet,in
738 2081 892 2142 ricarium
902 2081 1052 2160 capitula-

118 2191 189 2235 rem
206 2174 387 2251 tcarufcrre,
403 2192 462 2236 nec
472 2178 579 2253 pascet
597 2174 716 2254 aliquid
726 2173 784 2234 eibi
799 2191 965 2236 reservare
970 2172 1050 2252 juris

118 2265 180 2328 nisi
196 2265 361 2328 defraudet
373 2270 518 2330 mentem
531 2268 643 2330 concil.
669 2266 858 2343 Tridentini,
876 2265 962 2346 quud
977 2265 1050 2326 ideo

117 2359 1048 2441 valrdtunumesaeinadministraticueejnamudiriearium,

119 2455 163 2514 ut
174 2451 383 2531 capitellorum
398 2453 562 2516 dheordiae
584 2458 617 2516 et
633 2454 833 2516 difficultates
852 2453 1054 2515 administra

120 2543 216 2608 tinnis
230 2545 427 2608 tallcrautur.

164 2637 277 2699 Ultima
288 2638 465 2700 differentia
479 2642 528 2701 eat
541 2640 626 2721 quad
641 2640 806 2721 epiecopus
821 2639 950 2719 (Baned
968 2638 1049 2716 xlv,
1175 2695 1178 2703 .

118 2729 142 2792 l.
151 2733 182 2808 2,
194 2749 221 2792 0.
234 2731 263 2810 9)
275 2734 379 2810 puteat
393 2751 447 2810 prc
463 2751 519 2794 sun
531 2733 633 2811 libitu,
646 2734 745 2795 etiam
757 2733 823 2793 sine
836 2749 947 2809 cansa,
962 2749 1053 2791 man-

119 2823 233 2886 datum
257 2824 383 2886 vicario*
401 2826 544 2904 generali
566 2845 752 2888 concessum
777 2826 819 2886 ad
845 2843 878 2886 se
901 2843 1051 2887 iuvocare

119 2934 255 2996 eumque
262 2915 481 2996 jurisdictione
491 2937 549 2980 aaa
563 2920 748 2998 exspoliare.
767 2921 870 2981 Saeua·
880 2919 1052 2998 capitulum

118 3008 254 3070 electum
266 3010 419 3071 ricarium
429 3029 575 3073 recusare
586 3011 705 3091 nequit,
715 3011 774 3074 nisi
787 3030 884 3074 cauea
894 3011 1019 3093 cognita
1033 3029 1052 3070 a

119 3101 151 3164 8,
169 3103 205 3162 R.
220 3119 312 3182 0000.
326 3103 546 3183 episcopcrum
557 3108 587 3166 et
600 3105 810 3184 regularium,

158 3195 225 3258 XV.
242 3197 318 3256 Haec
343 3195 513 3276 principia,
532 3215 590 3275 pro
608 3198 683 3260 data
705 3199 852 3278 analogia
869 3198 951 3260 inter
967 3195 1052 3274 capi·

114 3286 184 3350 tula
198 3287 429 3350 cathedralium
443 3293 475 3350 et
487 3290 579 3369 quasi
597 3291 824 3353 cathedralium
848 3287 1051 3350 ecelesiarum

115 3397 190 3442 cam
204 3379 339 3459 collegia·
350 3383 387 3443 S..
400 3384 436 3444 a.
453 3383 492 3444 lla·
502 3384 576 3460 GC,
591 3383 633 3444 ad
643 3383 762 3444 dictum
773 3381 940 3460 collegium
953 3379 1050 3458 appii·
1118 3455 1120 3460 η

114 3473 180 3538 ceri
197 3473 323 3535 debant.
341 3475 404 3536 Sed
432 3475 548 3537 adsunt
568 3477 714 3556 quaedam
735 3475 942 3556 particulares
964 3470 1050 3534 diffe-

112 3565 237 3648 rencia,
255 3566 295 3630 da
313 3567 429 3650 quiens
440 3587 523 3632 nunc
538 3571 710 3653 agendam
