2588 4124
206 307 264 370 258
423 319 652 367 msrnunouss
671 319 755 367 runis
776 319 931 368 cescum.

206 464 293 526 modi
315 463 481 544 collegium
510 482 572 526 nou
603 465 788 541 devolvitur,
806 465 861 526 scd
888 483 926 526 ea
958 468 1143 544 exercetur,

206 557 296 620 sicuti
310 557 434 619 vivente
449 557 597 618 Pontiflce
612 558 759 633 Maximo,
774 557 941 620 abeodem
955 558 1087 621 vicario.

246 653 379 712 Domum
402 650 428 711 si
453 667 555 711 sermo
587 651 627 712 sit
652 650 691 710 de
706 649 916 731 jurisdictione
940 649 1147 732 Pontificem

206 743 345 820 Martini,
359 742 426 823 ejus
436 743 635 822 acquirenda
649 743 783 822 incapax
797 747 844 805 est
857 745 889 805 S.
905 745 941 804 R.
954 745 989 805 lo.
1004 745 1063 806 GC.
1076 745 1144 806 col-

205 838 333 917 legium,
348 855 418 916 quae
433 836 486 896 uni
501 836 731 914 tantumfcapiti
752 840 932 915 competere
952 840 1076 914 potest;
1108 844 1144 899 et

207 931 392 1010 prohibetur
411 928 630 990 constitutione
645 927 692 989 Ne
706 929 821 989 romani
834 929 915 1008 (cap.
933 933 965 989 2⁰
980 929 1078 990 (llam.
1098 929 1141 990 de

208 1021 382 1102 electione),
396 1021 562 1101 quominus
583 1021 651 1082 haec
669 1020 844 1102 jurisdictio
864 1021 896 1081 in
916 1023 949 1083 S.
968 1025 1004 1084 lt.
1022 1023 1057 1082 ll.
1076 1023 1137 1084 GC.

208 1115 374 1194 collegium
390 1114 585 1175 devolvatur.

247 1209 355 1270 Solum
370 1207 462 1268 datur
473 1206 545 1266 huic
560 1207 677 1286 regulae
687 1206 825 1286 generali
847 1205 988 1286 exceptio
1007 1226 1014 1267 ε
1037 1205 1063 1266 si
1081 1207 1140 1268 alia

209 1300 293 1380 quod
309 1299 469 1378 negotium
483 1301 579 1360 tantae
595 1299 788 1360 necessitatis
804 1305 946 1378 emergat
958 1303 994 1360 ut
1013 1317 1141 1360 moram

208 1409 271 1454 non
281 1392 427 1469 patiatur.
445 1393 532 1452 'lunc
551 1391 634 1450 enim
649 1391 796 1453 statuitur
807 1410 865 1470 per
881 1391 1139 1454 constitutionem

210 1482 350 1561 Gregorii
374 1485 401 1544 X
425 1481 483 1545 Ubi
501 1483 678 1563 periculum,
693 1501 763 1563 quae
779 1485 901 1546 lataest
913 1484 945 1544 in
961 1483 1094 1546 concilio
1104 1488 1141 1545 ’Ψ

208 1575 428 1655 Lugdunensi,
454 1578 488 1637 ut
507 1593 616 1637 omnes
641 1577 828 1654 cardinales,
853 1577 904 1638 vel
928 1577 1040 1638 saltem
1068 1577 1140 1638 duae

209 1668 308 1732 tertiae
332 1671 436 1747 partes
458 1668 600 1745 istorum,
623 1669 744 1747 possint
766 1687 823 1748 per
841 1675 964 1730 secreta
988 1671 1142 1749 suffragia

209 1761 352 1824 celeriter
365 1761 439 1822 huic
459 1760 585 1841 negotio
600 1761 796 1840 expediendo
812 1779 988 1823 occurrere.
1001 1762 1067 1824 Sed
1083 1781 1142 1822 ex·

209 1856 299 1934 cepto
321 1853 381 1914 hoc
394 1871 470 1915 ¹casu
486 1853 636 1932 peculiari
660 1853 692 1912 in
714 1871 776 1933 quo
792 1853 860 1915 haec
878 1854 1050 1916 auctoritas
1067 1853 1142 1935 jure
1244 1895 1247 1898 -
1277 1851 1278 1890 l

210 1945 419 2008 ecclesiastico
435 1946 595 2008 confertur
610 1947 641 2008 S.
657 1946 747 2022 (loll,
764 1946 802 2007 de
813 1947 1142 2026 caeteronullampou-

208 2041 337 2102 tiflciam
348 2039 598 2122 jurisdictionem
613 2055 759 2099 exercere
783 2045 923 2117 possunt.
938 2040 1029 2102 Unde
1038 2043 1143 2102 totum

209 2135 347 2196 officium
358 2131 450 2212 hujus
465 2131 587 2210 collegii
597 2131 671 2192 sede
682 2134 814 2193 vacante
829 2132 920 2192 unice
932 2131 1059 2193 videtur
1067 2150 1142 2194 cen·

211 2227 364 2289 sistarcia
380 2225 531 2286 electione
541 2225 614 2285 novi
628 2223 795 2299 Pontificio,
809 2241 878 2303 quae
890 2223 958 2303 jam
973 2242 993 2286 a
1007 2225 1143 2286 concilio

209 2337 339 2381 romano
355 2319 412 2378 sub
425 2317 552 2378 Nicolao
567 2319 594 2378 ll
621 2316 722 2396 (1059)
749 2317 791 2376 ad
812 2316 872 2377 hoo
896 2317 998 2377 solum
1019 2319 1144 2395 spectat

208 2410 385 2488 collegium.
412 2409 502 2471 Unde
523 2411 644 2470 tantam
672 2408 857 2487 dignitatem
876 2409 1061 2487 praeseferre
1081 2409 1143 2474 visi

208 2504 281 2564 sunt
295 2503 326 2563 S.
354 2504 390 2563 R.
407 2502 443 2562 ll.
469 2500 644 2562 cardinales
666 2507 701 2561 ut
724 2500 757 2560 iu
781 2501 913 2562 concilio
935 2501 1142 2580 Lugduneusi

209 2595 310 2675 (1245)
321 2593 466 2656 omnibus
478 2593 632 2674 episcopis
647 2599 678 2654 et
690 2593 878 2671 patriarchis
890 2594 1013 2672 proelati
1032 2594 1098 2656 sint
1111 2598 1144 2657 et

207 2687 387 2749 immediate
410 2689 480 2766 post
501 2688 590 2747 llom.
610 2685 795 2746 Pontificem
819 2685 965 2748 sederent
982 2687 1015 2746 in
1034 2687 1143 2748 conci-

207 2779 261 2840 lio.

303 2911 359 2961 ΗΠ.
370 2919 401 2952 D!
408 2919 533 2954 GOLHGHS
541 2919 709 2953 onsnlclmeus
719 2919 816 2954 onoma
831 2920 1041 2954 scutularum.

246 3058 327 3120 Xl'l.
344 3056 493 3130 Quamvis
519 3075 627 3118 omnes
647 3055 796 3117 Ecclesiae
820 3057 943 3136 praelati
967 3075 1059 3118 suum
1081 3057 1141 3118 ha·

204 3154 302 3216 heaut
311 3153 465 3226 senatum,
473 3149 562 3230 cujus
572 3149 700 3210 consilio
711 3149 853 3210 derebus
862 3151 1010 3212 Ecclesia
1019 3149 1138 3211 delibe-

205 3248 286 3321 rant,
301 3248 407 3306 tamen
424 3243 570 3322 quadam
586 3259 748 3321 emergere
767 3246 901 3320 possunt
918 3243 1047 3321 negotia
1064 3259 1138 3322 quae

140 3405 149 3411 ,
204 3357 267 3399 non
280 3355 343 3396 una
352 3336 401 3398 vel
416 3335 478 3396 elia
491 3335 628 3396 sessione
642 3333 766 3394 definiri
779 3335 916 3412 valeant,
937 3335 995 3396 sed
1009 3335 1139 3414 exigant

205 3431 363 3489 assiduam
374 3430 405 3489 et
419 3429 656 3506 permanentem
664 3427 887 3488 nonnullorum
897 3445 1027 3506 operam
1039 3433 1076 3490 ut
1086 3445 1134 3503 ea,

80 3523 87 3536 “
206 3537 269 3596 qua
283 3537 341 3597 par
353 3523 410 3596 est,
436 3518 599 3599 diligentia
618 3521 860 3598 pertractentur.
887 3521 975 3581 'lunc
993 3519 1096 3582 solent
1116 3537 1136 3586 a

1274 3379 1276 3456 l
