2540 4132
208 317 265 378 116
434 331 664 378 uisrrruuoxss
684 331 767 376 rums
788 329 942 376 canonici.

207 476 260 557 qui
284 476 435 536 Avenioni
462 476 553 556 sedit)
576 494 690 535 novam
710 491 897 552 componere
925 471 1139 532 Decretalium

206 570 423 630 collectionem
439 589 509 648 quae
524 568 807 646 comprehenderet
821 564 1060 626 constitutiones
1074 582 1094 624 a
1108 583 1140 623 se

206 662 317 738 editas,
331 667 399 723 tum
414 663 482 721 illas
498 679 567 739 quae
585 662 656 722 latae
680 659 797 720 suntin
813 658 942 718 concilio
954 657 1138 730 Viennensi,

206 755 291 834 quod
312 756 526 814 celebraverat
548 771 630 816 anno
652 755 740 828 1311,
756 756 824 815 turn
839 768 908 832 quae
924 753 1011 812 extra
1029 749 1141 810 conci·

205 847 283 910 lium
296 848 387 908 editu
403 851 485 908 sunt.

246 941 467 1001 Collectionem
478 940 546 1020 jam
560 939 732 1016 perfectam
747 939 840 999 edere
856 937 914 998 sibi
930 941 1140 1014 preposuerat

207 1033 266 1093 sub
277 1033 366 1094 titulo
380 1032 511 1112 Septimi
526 1031 724 1092 decretalium
731 1049 744 1105 ,·
754 1031 820 1107 sed,
830 1033 931 1090 morte
945 1033 1138 1107 praeventus,

207 1125 350 1186 Clemens
385 1125 549 1185 consilium
584 1143 603 1184 a
633 1143 666 1184 se
702 1127 888 1201 conceptum
917 1122 1044 1200 exsequi
1078 1140 1139 1182 non

206 1216 317 1295 potuit.
346 1219 514 1278 Successor
531 1217 599 1297 ejus
622 1219 759 1278 Ioannes
784 1218 867 1276 XXII
895 1215 1139 1294 uoluitvulgare

207 1309 359 1388 hocopus
375 1310 433 1370 sub
446 1309 571 1370 nemine
584 1309 715 1388 Septimi
731 1308 942 1384 Decretalium,
960 1307 1012 1368 sed
1033 1309 1139 1384 potius

206 1403 264 1462 sub
289 1403 413 1464 nemine
447 1401 637 1462 collectionis
664 1401 874 1462 Decretalium
902 1401 1072 1461 Clementis
1101 1403 1135 1476 V,

207 1512 277 1574 quae
291 1497 385 1573 vulgo
401 1495 535 1556 dicitur:
554 1493 801 1554 Clementinorom
812 1512 824 1568 ,·
848 1511 980 1572 eamque
993 1492 1032 1553 de
1049 1511 1137 1554 more

207 1587 378 1666 publicavit
402 1586 596 1648 universitati
609 1586 813 1662 Bononiensi,
834 1590 868 1646 ut
891 1603 998 1646 omnes
1020 1586 1137 1664 magis-

206 1683 306 1740 tratus
321 1685 351 1740 et
364 1679 523 1740 scholares
549 1679 592 1738 ibi
608 1683 838 1739 commorantes
860 1697 898 1738 ea
924 1681 1087 1739 uterentur
1107 1679 1136 1736 in

202 1771 329 1850 judiciis
344 1777 375 1830 et
393 1771 424 1829 in
441 1771 565 1831 scholia.
584 1772 667 1832 Ordo
681 1771 775 1850 hujus
787 1770 978 1832 collectionis
1002 1773 1050 1830 est
1063 1789 1136 1830 ana-

205 1863 296 1942 logus
306 1863 574 1924 antecedentibus.

246 1956 325 2015 XIV.
350 1955 411 2018 Sed
425 1958 562 2017 Ioannes
577 1957 671 2032 XXII,
685 1955 738 2035 qui
754 1956 970 2034 pontificatum
984 1957 1083 2035 gessit
1097 1958 1135 2016 ab

205 2065 287 2108 anno
306 2051 381 2109 1316
403 2049 442 2108 ad
462 2066 581 2108 annum
595 2051 682 2124 1334,
702 2053 733 2108 61
747 2049 813 2126 ipse
829 2049 1021 2126 pluresalias
1040 2049 1136 2108 edidit

206 2141 452 2203 constitutiones
483 2142 573 2203 Unde
606 2140 739 2220 quidam
765 2145 884 2218 auctor,
902 2141 991 2221 eujus
1022 2160 1133 2202 nomen

205 2234 378 2312 ignoratur,
387 2253 469 2294 anno
495 2237 582 2310 1325,
600 2232 697 2292 edidit
719 2251 833 2293 novam
859 2235 1087 2311 collectionem,
1104 2235 1133 2293 ln

206 2344 269 2403 qua
297 2326 534 2387 constitutiones
548 2325 677 2386 Ioannis
705 2328 788 2386 XXII
810 2327 925 2402 retulit,
943 2327 982 2386 ab
1008 2327 1132 2387 exordio

205 2433 318 2504 nempe
334 2417 532 2493 pontificatus
545 2419 612 2498 ejus
627 2418 668 2477 ad
683 2437 801 2478 aunum
816 2423 1013 2498 6666613111.

245 2509 331 2568 Hane
347 2527 422 2587 ergo
436 2514 580 2588 quartam
593 2509 808 2571 collectionem
822 2511 944 2590 redegit
958 2531 1133 2590 anonymus

205 2619 300 2679 quam
311 2602 443 2679 partItus
457 2607 504 2663 est
518 2603 550 2662 in
559 2605 627 2665 XIV
636 2603 754 2679 titulos,
767 2607 887 2664 retento
897 2607 1002 2664 tamen
1012 2623 1134 2682 semper

204 2692 313 2754 ordine
329 2695 462 2773 analogo
477 2695 680 2756 materiarum
695 2695 747 2772 qui
762 2700 904 2756 servatus
919 2701 987 2768 erat
1001 2696 1034 2756 in
1048 2701 1133 2758 ante-

203 2783 339 2844 rioribus
355 2786 600 2846 collectionibus.

250 2874 349 2953 Hujus
390 2877 579 2939 collectionis
620 2878 727 2956 titulus
768 2885 814 2940 est
852 2901 857 2940 :
892 2879 1133 2960 Ectroooqootes

202 2966 428 3027 JooneisXXII
435 2987 440 3028 :
452 2973 690 3048 extravagantes
699 2985 810 3049 nempe
818 2977 1133 3053 quatenusvagantur

202 3062 290 3120 extra
300 3079 412 3140 eorpus
423 3065 608 3122 caeterarum
622 3065 843 3140 Decretalium,
856 3065 906 3124 vel
920 3070 1008 3126 extra
1023 3069 1131 3126 Decre-

201 3155 269 3213 tum
284 3154 432 3232 Gratiani,
446 3155 519 3233 quia
542 3174 580 3214 ex
593 3155 695 3231 dietis,
713 3175 828 3216 nomen
843 3157 903 3217 hoc
925 3161 1131 3236 extravagan-

201 3245 279 3306 tium
305 3249 352 3306 est
378 3247 517 3306 omnium
545 3247 754 3308 Decretalium
781 3249 960 3326 proprium,
978 3254 1130 3328 quatenus

200 3341 356 3416 vagantur
384 3343 472 3399 extra
493 3341 659 3400 Decretum
684 3340 877 3400 Gratianum.

241 3431 306 3491 XV.
321 3432 454 3490 Domum
474 3431 532 3490 suh
552 3430 637 3491 Sixto
654 3433 706 3506 IV,
723 3451 835 3509 nempe
848 3434 932 3494 circa
948 3436 1044 3494 finem
1057 3453 1126 3495 saec.

201 3519 267 3594 XV,
284 3537 366 3580 nova
380 3521 465 3584 edita
474 3525 521 3582 est
533 3521 674 3583 collectio
693 3525 902 3586 Decretalium
917 3529 1128 3588 Romanorum
