2540 4132
322 370 430 420 moros
451 373 605 421 erremus
629 373 712 420 sums
733 371 887 422 cssomcr.
1011 359 1069 426 tit

134 515 1070 600 lationemisericorditermsnifestatunr.Oucdjusdivinum

133 611 177 674 sit
200 610 269 673 fons
285 609 444 672 canonica
459 610 737 691 interpretationis,
754 611 872 673 nemini
887 630 956 674 asse
967 617 1071 694 potest

134 703 277 780 dubium,
290 721 375 780 nam,
392 703 418 764 si
442 705 523 766 bane
545 704 735 782 meminerit,
763 707 792 766 i·
807 705 918 785 regula
940 725 959 767 a
980 705 1070 768 nobis

134 797 297 878 proposita
323 796 430 877 adjus
447 797 729 876 interpretandum,
746 801 815 859 erat
839 798 924 879 quod
948 798 1070 878 legisla-

131 890 210 952 toris
233 889 378 950 voluntas
401 907 563 970 nunquam
585 891 723 952 absurda
738 891 788 950 vel
809 890 907 970 impia
921 891 1068 970 praesumi

131 982 240 1062 possit.
256 982 350 1061 Atqui
365 982 436 1042 talis
457 987 539 1044 esset
553 983 579 1043 si
600 983 640 1043 ab
655 1001 694 1043 ea
714 1001 827 1044 norma
846 983 1070 1063 prsascinderet

133 1093 228 1155 quam
236 1074 289 1154 jus
300 1073 441 1135 divinum
452 1075 597 1136 omnibus
611 1075 784 1155 proposuit.

173 1170 253 1229 Tota
267 1167 372 1246 potius
388 1167 554 1230 difficultas
570 1173 617 1231 est
630 1169 662 1228 in
676 1169 917 1230 determinando
928 1187 998 1246 usu,
1013 1187 1068 1232 scu

134 1262 167 1323 in
187 1259 372 1321 definiendis
387 1260 537 1322 limitibus
554 1261 636 1322 intra
647 1280 725 1341 quos
736 1261 788 1342 jus
806 1262 947 1323 divinum
971 1261 1070 1341 possit

132 1353 297 1432 interpreti
324 1358 510 1432 argumenta
538 1373 708 1433 suggerere
736 1353 777 1414 ad
794 1354 898 1415 varios
922 1353 1069 1416 Ecclesiae

134 1464 271 1508 oenones
308 1440 570 1526 interpretandos.
601 1449 678 1508 Gum
702 1466 777 1508 vero
798 1447 858 1508 hac
883 1447 915 1506 in
944 1465 979 1508 re
1006 1465 1068 1510 non

136 1539 283 1601 eumdem
295 1542 423 1618 praestet
437 1558 529 1600 usum
535 1539 587 1620 jus
602 1539 744 1600 divinum
758 1540 899 1601 naturale
915 1558 952 1600 ac
961 1539 1014 1621 jus
1024 1540 1068 1600 di-

134 1632 243 1694 vinum
270 1631 459 1711 positivum,
491 1632 633 1712 cogimur
660 1632 745 1694 hunc
771 1632 1007 1712 paragraphum
1036 1633 1068 1694 in

133 1727 213 1788 duas
239 1729 344 1806 partes
360 1723 562 1805 distinguere,
586 1743 720 1806 quarum
740 1725 840 1788 altera
858 1725 917 1787 erit
944 1725 984 1786 de
1009 1743 1067 1786 usu

130 1817 212 1900 juris
224 1817 386 1895 naturalis,
396 1819 496 1880 altera
509 1819 548 1879 de
561 1837 619 1880 usu
631 1819 712 1900 juris
721 1817 850 1881 revelati
863 1818 895 1879 in
906 1835 1069 1881 sacrorum

135 1929 292 1974 canonum
310 1911 577 1992 interpretatione.

211 2066 227 2104 1.
242 2066 274 2106 De
283 2063 391 2114 mistis
399 2064 513 2106 murata
522 2064 547 2105 tn
560 2072 675 2106 mrum
683 2071 790 2106 maccam
800 2063 992 2114 interpretatione.

173 2187 227 2246 III.
250 2189 335 2247 Duas
361 2186 530 2265 habemus,
547 2187 653 2268 quoad
673 2205 766 2246 usum
786 2185 867 2265 juris
894 2183 1064 2259 naturalis,

34 2275 37 2278 ’
133 2278 392 2340 contradictorias
421 2283 454 2342 ot
481 2279 656 2342 excessivos
680 2278 852 2358 opiniones.
882 2275 988 2337 Prima
1021 2280 1068 2338 est

133 2389 245 2433 eorum
269 2372 321 2452 qui
339 2371 419 2452 juris
437 2373 589 2434 naturalis
611 2371 743 2434 scientie
767 2371 847 2432 adeo
873 2372 1030 2449 seponunt
1048 2388 1066 2430 a

134 2483 297 2527 sacrorum
331 2483 489 2526 canonum
518 2464 699 2545 disciplina,
730 2484 767 2526 ac
800 2465 824 2526 si
860 2463 930 2526 duae
963 2466 1067 2525 essent

133 2558 271 2620 scientiae
295 2558 421 2620 omnino
437 2558 589 2636 adverse,
615 2577 674 2619 nec
694 2577 759 2620 una
773 2557 862 2619 alteri
884 2557 992 2616 lumen
1016 2556 1066 2616 vel

132 2651 359 2713 adminiculum
376 2651 519 2732 praebere
535 2650 650 2713 valeat.
663 2651 783 2729 Altero,
796 2650 922 2710 illorum
943 2651 992 2708 est
1012 2647 1065 2727 qui

132 2748 221 2807 tanto
244 2743 499 2825 jurisprudentiae
514 2743 666 2808 naturalis
687 2742 853 2805 fanatismc
869 2739 1067 2820 abripiuntur

132 2841 168 2900 ut
193 2836 315 2898 nullum
337 2855 401 2900 non
423 2838 553 2901 videant
577 2855 731 2900 canonem
752 2833 917 2912 Ecclesiae,
934 2833 988 2916 qui
1002 2851 1064 2895 non

133 2931 249 2992 debeat
263 2949 322 3009 cpe
337 2931 488 2994 naturalis
495 2932 574 3014 J'uris
591 2929 802 3010 interpretari.

172 3025 271 3085 Porro
298 3029 411 3085 neutra
431 3043 469 3084 ex
482 3026 531 3086 his
548 3025 670 3086 duabus
696 3021 857 3084 sententiis
871 3020 946 3082 satis
971 3023 1067 3082 estut

130 3115 174 3176 illi
190 3117 387 3178 subscribere
402 3117 567 3198 possimus.
579 3119 659 3178 Nam
673 3117 698 3177 si
716 3117 851 3197 primam
874 3113 1062 3187 tenebimus,

132 3229 195 3271 non
220 3210 395 3288 poterimus
419 3211 575 3290 explicare
601 3229 639 3271 ea
670 3209 775 3272 omnia
803 3225 873 3288 quae
903 3225 942 3267 ex
966 3204 1066 3265 libera

133 3302 246 3365 Christi
264 3307 319 3364 aut
335 3303 482 3364 Eccle'siae
494 3303 688 3366 institutione
710 3301 830 3363 sancita
848 3303 930 3375 sunt,
949 3295 1064 3374 quippe

132 3414 171 3456 ex
184 3395 314 3458 theoriis
330 3397 496 3458 abstractis
509 3397 661 3458 naturalis
672 3395 752 3477 juris
764 3409 926 3471 nunquam
943 3385 1062 3446 desumi

131 3492 273 3568 possunt.
287 3489 319 3551 Si
336 3509 411 3551 vero
432 3490 566 3552 alteram
585 3507 763 3570 sequemur,
777 3505 815 3546 es
830 3503 892 3546 non
914 3481 1065 3556 interlim-

131 3581 269 3644 tebimus
282 3584 363 3662 quae,
373 3583 446 3646 licet
457 3583 497 3645 ab
506 3583 646 3647 Ecclesia
657 3580 786 3643 definita
800 3577 872 3654 sint,
884 3578 1064 3639 tamennon

1264 2991 1266 3084 i
