2540 4132
192 322 248 386 tm
398 333 626 384 risuruuouss
647 333 730 384 sous
751 330 906 382 cononici.

445 561 451 570 Ι
561 507 571 561 ς
584 511 602 548 1.
619 517 748 550 sununs.

231 641 282 701 lll.
307 642 391 718 Opus
412 639 540 718 incoepit
563 639 704 701 Laertius
728 637 935 713 Cherubinus,
960 652 1034 696 saec.
1057 637 1128 695 XVI

193 734 276 812 (ann.
301 733 402 812 1586),
427 731 480 812 qui
500 738 576 811 quot
600 731 737 811 reperire
761 730 862 810 potuit
886 728 1129 790 const'tutiones

192 829 228 887 R.
246 826 432 887 Pontificum
449 843 467 884 a
485 825 634 906 Gregorio
649 827 763 904 Magno
777 842 876 903 usque
893 822 935 883 ad
946 823 1072 883 Sixtum
1086 823 1126 898 V,

193 919 326 998 collegit,
344 918 460 998 quique
481 919 513 978 in
528 919 666 979 secunda
677 917 780 996 operis
793 917 840 976 sui
858 915 1008 992 editione,
1026 933 1129 993 usque

192 1012 233 1072 ad
253 1011 385 1070 Paulum
409 1013 446 1086 V,
488 1011 581 1092 hujus
604 1010 796 1072 collectionis
821 1009 935 1070 seriem
962 1006 1125 1087 produxit.

191 1103 402 1166 Meditabatur
429 1121 506 1182 opus
535 1104 698 1183 prosequi3
720 1103 785 1165 scd
809 1106 911 1163 morte
944 1102 1128 1182 praeventus

191 1215 254 1258 non
266 1195 298 1256 id
313 1199 463 1274 praestare
474 1196 584 1274 potuit.

231 1291 427 1367 Quapropter
453 1288 550 1367 ipsius
576 1289 676 1365 filius,
702 1289 841 1368 Angelus
876 1286 976 1350 Maria
1006 1286 1128 1347 Cheru-

190 1381 292 1458 binus,
302 1381 474 1442 monachus
487 1381 689 1459 CassinensiS,
707 1400 779 1442 saec.
795 1382 890 1456 XVII,
908 1380 939 1438 in
956 1382 1127 1457 paternum

191 1493 269 1554 opus
292 1473 445 1550 incubuit,
473 1473 613 1554 illudque
638 1479 822 1553 prosecutus
839 1472 939 1534 edidit
953 1471 1128 1530 Bollom'om

191 1566 344 1645 Mapoura,
358 1570 494 1645 quatuor
510 1570 655 1627 constans
668 1566 891 1642 voluminibus,
907 1563 1127 1644 quodpontifi-

191 1660 256 1721 cias
273 1659 509 1720 constitutiones
529 1679 627 1739 usque
643 1659 684 1719 ad
697 1659 950 1720 InnocentiumX
963 1656 1124 1735 produxit.

138 1749 140 1752 ’
230 1753 347 1810 lterum
368 1751 455 1828 operi
477 1751 687 1813 incubuerunt
706 1753 767 1812 duo
791 1752 903 1812 fratres
924 1750 1065 1810 minores
1087 1749 1127 1809 de

190 1841 401 1919 observantia,
415 1843 554 1921 Angelus
565 1848 596 1904 et
610 1845 735 1922 Paulus
751 1844 804 1923 qui
820 1843 962 1924 quintum
976 1843 1126 1903 volumen

190 1933 380 1994 addiderunt
400 1935 536 1996 Bullario
556 1938 681 2015 Magno,
706 1936 844 2016 illudque
870 1954 948 2014 opus
967 1935 1128 2012 produxe-

189 2029 262 2088 runt
277 2045 376 2106 usquc
392 2028 432 2087 ad
454 2027 690 2089 constitutiones
703 2029 878 2106 pontificias
896 2027 1067 2089 Clementis
1086 2028 1123 2086 X.

230 2121 293 2182 Sed
321 2120 462 2181 omnium
495 2121 680 2182 industriam
720 2121 880 2200 superavit
913 2119 1128 2196 Hieronymus

188 2213 390 2292 Maynardus,
409 2213 462 2293 qui
473 2215 645 2274 Bnllarium
659 2215 699 2274 ad
712 2213 950 2294 quatuordecim
962 2211 1127 2273 volumina

189 2306 346 2384 produxit,
375 2307 504 2383 prolatis
530 2305 802 2368 constitutionibus
828 2305 995 2386 pontificiis
1025 2323 1126 2382 usque

189 2397 230 2457 ad
261 2398 453 2457 Clementem
472 2401 537 2460 Xll.
562 2399 631 2460 ..tlia
653 2399 766 2459 deinde
795 2403 929 2479 quatuor
962 2397 1127 2458 volumina

189 2489 298 2550 addita
318 2493 391 2550 sunt
404 2491 462 2552 sob
487 2492 612 2552 nomine
624 2492 752 2556 Bullarii
767 2491 926 2553 Benedicti
940 2493 1029 2562 xlv3
1055 2489 1126 2550 aliae

190 2581 303 2643 deinde
325 2582 540 2644 additionesin
553 2585 619 2645 dies
634 2585 723 2646 factae
741 2589 814 2646 sunt
828 2585 868 2668 ab
879 2585 915 2644 iis
930 2583 982 2664 qui
996 2583 1126 2644 studue-

188 2679 262 2737 runt
283 2680 313 2737 ct
330 2677 456 2738 student
475 2676 656 2757 colligendis
668 2678 939 2739 constitutionibus
954 2696 1011 2736 seu
1029 2673 1125 2736 bullis

189 2768 387 2848 sequentium
403 2769 588 2831 Pontificum
600 2771 797 2849 Magnorum.

443 2926 453 2977 s
467 2928 493 2968 11.
507 2935 678 2970 mtnscrrorrs
691 2935 866 2970 concisionum.

228 3056 280 3118 lv.
304 3055 422 3117 Eodem
436 3057 534 3118 ferme
556 3062 708 3139 tempore,
726 3079 787 3140 quo
807 3060 948 3122 Laertius
970 3059 1123 3121 Cherubi-

188 3169 247 3212 nus
260 3148 476 3210 delectabatur
489 3150 710 3230 incolligendis
722 3153 815 3214 bullis
826 3153 1002 3234 pontificiis,
1016 3152 1124 3215 Merli-

188 3263 247 3306 nus
268 3241 437 3322 incipiebat
461 3244 676 3306 collectionem
691 3247 905 3308 conciliorum.
923 3249 990 3308 Duo
1010 3245 1123 3325 hujus-

187 3337 272 3399 modi
300 3336 491 3397 collectionis
514 3337 674 3398 volumina
698 3339 816 3414 edidit;
849 3340 977 3401 tertium
998 3332 1123 3398 addidit

188 3431 298 3490 Petrus
318 3428 450 3505 Crabbe,
475 3433 622 3507 quartum
637 3449 712 3492 vcro
727 3433 912 3494 Laurentius
927 3431 1048 3508 Sunius,
1066 3429 1121 3510 qui

191 3537 298 3580 omnes
308 3521 422 3580 saeculo
435 3523 504 3582 XVI
517 3522 700 3585 floruerunt.
