2540 4132
193 310 252 370 130
403 319 632 368 msnrcrrouas
651 319 735 366 iuius
757 317 912 366 annorum.

193 467 304 528 hatum
330 465 380 526 vel
406 463 630 542 reprobatum,
658 464 779 524 nullam
811 462 870 523 sibi
904 459 1137 522 auctoritatem

194 559 334 620 vindicet
341 558 373 618 in
380 557 481 637 praxi,
490 561 607 635 praeter
617 575 687 618 eam
699 575 769 636 quae
778 556 878 618 oritur
892 573 931 614 ex
940 553 1138 614 authentici-

194 655 258 714 tate
272 652 548 714 monumentorum
563 668 633 728 quae
645 649 727 709 inea
740 649 928 708 inseruntur.
942 649 1005 707 Nec
1019 647 1157 727 hujus--

194 745 281 806 modi
295 763 374 823 opus
389 746 554 821 reputatur
566 761 586 802 a
600 742 683 804 vitiis
694 743 835 803 immune
851 761 858 802 :
875 743 906 802 et
919 740 1140 801 bullaniorum

195 838 392 918 potissimum
406 836 507 915 copia,
528 835 790 916 quodammodcf
811 835 834 896 't
849 836 1052 910 suffocatum,
1070 852 1141 894 nec

195 932 289 993 hodie
302 949 442 1009 unquam
456 949 476 990 0
489 929 658 990 canonistis
673 929 803 990 citatum
816 927 983 988 invenitur.

236 1027 273 1086 V.
304 1024 414 1096 Quoad
433 1021 634 1082 [restitutiones
658 1021 822 1082 1000011011
843 1039 855 1080 .·
880 1019 1043 1080 sciendum
1063 1025 1139 1096 est,

197 1117 282 1198 quod
297 1115 381 1176 circa
395 1118 539 1194 tempora
553 1133 641 1176 conc.
658 1115 758 1192 Trid,
774 1114 899 1193 quando
910 1131 1024 1191 nempe
1040 1114 1142 1173 colli-

196 1211 373 1291 gendorum
384 1208 521 1288 antiqua
534 1209 751 1269 ecclesiastica
762 1207 933 1286 disciplinae
945 1225 1145 1266 monumen·

195 1309 300 1366 torum
313 1304 435 1363 fervere
446 1301 515 1382 jam
529 1301 668 1362 studium
681 1301 869 1379 incoeperat,
884 1304 1050 1360 senserunt
1067 1300 1141 1360 viri

195 1397 308 1458 eruditi
319 1395 539 1457 necessitatem
548 1394 734 1454 conficiendi
747 1393 901 1473 quasdam
915 1392 1138 1453 institutiones

195 1489 379 1566 canonicas,
407 1505 476 1568 quae
500 1505 613 1566 nempe
637 1488 667 1547 in
695 1486 918 1565 compendium
946 1485 1140 1564 redigerent

195 1582 355 1663 generalia
369 1581 450 1662 juris
462 1585 637 1659 praecepta,
659 1599 699 1640 ne
720 1579 851 1641 studiosi
873 1582 961 1640 tanta
984 1582 1139 1640 textuum

195 1694 250 1736 seu
264 1675 439 1754 ingentium
453 1674 673 1736 collectionum
688 1674 771 1734 mole
786 1672 1048 1750 opprimerentur.

235 1767 336 1845 Goepit
350 1766 411 1847 hoc
433 1767 584 1844 perficere
599 1765 752 1828 Antonius
771 1765 940 1842 Cauchius,
956 1764 1037 1845 juris
1054 1783 1139 1844 pro-

195 1861 295 1920 fessor
308 1857 510 1936 Tyeinensis,
528 1862 559 1920 ct
573 1859 707 1922 confecit
726 1862 794 1920 tum
810 1859 958 1935 minoren,
973 1861 1042 1920 tum
1059 1877 1139 1920 ma-

192 1951 279 2032 jores
291 1950 500 2012 institutiones
516 1952 698 2029 canonicae,
713 1951 770 2012 sed
783 1951 898 2012 infelici
916 1951 1016 2028 exitu,
1034 1951 1138 2030 siqui·
1184 2001 1187 2006 .

197 2045 270 2106 dem
283 2043 335 2105 vix
346 2047 401 2105 001
420 2063 460 2104 00
472 2044 524 2106 vix
546 2045 674 2125 quidem
689 2047 852 2124 receptum
868 2047 914 2106 est
935 2063 1024 2123 opus.
1045 2045 1137 2124 Ergo

161 2133 165 2140 ’
196 2139 311 2201 Ρο0100
323 2139 375 2216 IV,
393 2140 482 2200 Rom.
500 2141 604 2216 Pont,
618 2138 703 2198 visus
718 2142 766 2199 est
778 2137 810 2198 in
830 2156 920 2198 suam
935 2155 1045 2198 curam
1064 2140 1139 2200 tra-

196 2233 272 2294 here
297 2232 461 2310 hocopus
488 2231 725 2310 perficiendum.
753 2233 782 2291 Is
808 2249 921 2311 nempe
945 2230 1140 2293 mandatum

197 2325 284 2386 dedit
297 2325 314 2384 J
317 2324 410 2386 oanni
425 2325 604 2386 Lancelloto
618 2327 653 2384 ut
667 2323 847 2404 hujusmodi
863 2343 942 2402 opus
964 2323 1140 2386 elucubra-

196 2420 255 2477 ret.
278 2417 475 2478 Lancellotus
496 2417 637 2478 incubuit
663 2417 765 2496 operi,
791 2417 931 2496 illudque
954 2418 1140 2496 0011001001

197 2512 228 2570 01
242 2508 274 2568 10
293 2511 428 2588 quatuor
442 2509 538 2571 libros
551 2510 713 2588 partitum,
729 2510 770 2570 ad
784 2510 883 2571 instar
896 2511 1139 2572 Institutionum

196 2601 374 2680 iustiniani,
383 2603 479 2663 Paulo
487 2605 529 2666 IV
539 2603 711 2682 proposuit.
725 2603 788 2664 Sed
802 2603 852 2663 vel
867 2603 907 2664 oh
915 2604 1136 2683 prudentiam,

197 2697 258 2772 vel,
274 2699 309 2758 01
330 2695 426 2776 aliqui
448 2697 567 2774 volunt,
583 2697 623 2756 ob
637 2695 788 2757 invidiam
802 2696 1060 2775 detrectatorum,
1070 2697 1138 2760 hoe

197 2807 275 2867 opus
312 2789 407 2848 variis
438 2789 683 2850 correctionibus
716 2789 893 2869 subjectum
923 2790 1003 2867 fuit,
1030 2791 1138 2852 donee

196 2881 293 2941 Paulo
315 2880 399 2942 lV⁰e
419 2881 498 2944 vivis
517 2882 622 2942 ablato
635 2881 789 2944 ineditum
799 2882 959 2943 remansit.
974 2884 1138 2946 Successit

197 2973 328 3052 PiuslV,
337 2978 368 3036 01
379 2975 587 3052 10000110100,
596 2976 685 3054 quasi
698 2994 827 3054 sperans
836 2975 1000 3036 meliorem
1013 2976 1137 3038 exitum

196 3085 325 3128 suorum
332 3067 487 3146 laborum,
505 3068 708 3146 opusobtulit
721 3068 776 3130 Pio
792 3070 843 3146 IV,
852 3069 992 3148 illudque
1006 3069 1135 3149 privata

196 3160 299 3222 studio
315 3161 430 3239 edidit,
449 3165 482 3222 ut
496 3163 618 3222 tantum
632 3161 753 3222 valeret
767 3166 920 3242 quantum
936 3168 1054 3241 posset.

236 3256 299 3318 Sed
311 3256 370 3317 sub
385 3255 440 3316 Pio
456 3257 497 3318 lv
515 3255 697 3315 conclusum
720 3259 768 3316 est
788 3255 1027 3335 Tridentinum,
1045 3257 1136 3338 quod

192 3347 245 3428 jus
267 3350 431 3430 antiquum
454 3347 540 3409 varie
561 3348 799 3410 modificaverat
822 3369 828 3410 :
852 3351 935 3410 unde
958 3351 1137 3414 Lanceiloti

66 3507 68 3513 ,
196 3441 418 3518 institutiones,
430 3458 500 3520 quae
516 3440 706 3502 elucubratae
721 3442 846 3503 fuerant
860 3444 918 3504 sub
929 3443 1001 3524 jure
1016 3446 1132 3524 veteri,

72 3585 74 3591 ,
198 3549 260 3596 000
275 3537 420 3620 poterant
434 3533 569 3614 amplius
582 3533 762 3596 Tridentino
778 3535 939 3618 applicari.
957 3540 1135 3621 Propterea
