2502 4130
368 303 408 348 aa
429 301 557 350 omrem
576 302 660 348 rums
681 301 836 350 ceroma.
1009 289 1065 350 32l

126 443 248 506 raritas
269 445 498 526 conjunctionis
522 448 668 508 servatur
682 463 753 526 quaa
767 445 826 507 fuit
844 445 966 526 epocha
979 449 1069 509 ante-

128 539 277 612 cedenti3
295 539 351 598 sed
370 539 437 599 hac
453 538 650 618 conjunctio,
672 538 745 600 licet
767 558 831 602 non
852 559 890 600 ex
913 539 1065 617 instituto,

128 631 191 692 sed
220 631 419 708 subsidiaria,
442 635 547 692 tamen
572 631 732 692 ordinaria
755 632 837 694 facta
863 635 928 706 est;
952 652 1007 693 seu
1035 632 1067 693 in

127 723 444 803 primitiva'epocha,
461 725 636 786 monachus
651 725 783 786 clericus
801 731 870 786 erat
881 725 998 806 regulae
1015 743 1068 786 ex·
1147 733 1150 740 '

127 818 246 896 ceptio.
263 817 363 895 Igitur
376 817 402 877 si
424 818 557 878 clericus
574 819 684 894 steret,
701 837 739 878 ea
751 823 858 880 tamen
871 819 909 879 dc
925 837 1020 880 causa
1034 818 1068 879 id

127 910 308 986 eveniebat,
329 913 364 970 ut
375 914 482 990 posset
500 928 591 970 sacra
605 911 768 971 monachis
780 911 974 989 ministrare,
992 911 1067 992 quin

130 1003 264 1062 deberet
276 1003 441 1083 episcopus
454 1003 494 1062 ad
507 1021 560 1064 eos
574 1003 703 1066 clericos
714 1004 849 1081 mittere,
863 1004 913 1065 vel
925 1004 986 1083 ipsi
995 1022 1067 1065 cum

130 1095 322 1156 detrimento
349 1096 421 1157 vitae
444 1096 591 1157 solitariae
620 1097 770 1157 accedere
794 1097 836 1158 ad
857 1097 1000 1176 publicas
1019 1115 1067 1159 eo·

130 1189 256 1249 clesias

170 1282 232 1343 Sed
261 1283 410 1361 praesenti
438 1284 580 1362 perinde,
603 1283 779 1362 praesertim
806 1283 890 1343 circa
916 1281 1067 1343 saculum

130 1374 313 1450 decimum,
340 1375 501 1436 ordinaria
526 1376 609 1436 lacta
630 1379 677 1436 est
696 1374 875 1456 conjunctio
902 1375 1066 1460 utriusque

128 1469 222 1544 vitm,
249 1485 312 1546 qua
333 1467 394 1527 duo
419 1470 636 1546 profluxerunt
652 1487 658 1527 :
677 1471 708 1528 1⁰
729 1468 879 1548 distingui
903 1471 1068 1546 caeperunt

128 1560 279 1622 monachi
293 1560 451 1621 ordinarii)
462 1561 494 1620 in
507 1561 637 1623 clericos
650 1565 681 1623 et
691 1562 799 1638 laicae,
812 1581 867 1622 seu
881 1578 1064 1634 couversos;

127 1654 161 1715 2⁰
176 1653 326 1714 accedere
340 1653 436 1731 coepit
448 1655 521 1715 vitae
536 1655 718 1716 monasticae
735 1655 882 1734 quadam
893 1655 974 1715 actio
990 1672 1066 1732 pro-

129 1747 199 1826 pria
214 1747 396 1822 clericatus,
423 1766 485 1826 qua
499 1748 618 1808 laetum
633 1751 690 1824 est,
707 1752 743 1808 ut
763 1746 932 1822 monachi,
948 1747 1021 1808 licet
1035 1747 1065 1807 in

130 1839 307 1901 subsidium
323 1839 427 1900 clerici
440 1839 600 1916 secularis,
615 1845 722 1900 tamen
744 1843 779 1901 ut
802 1839 842 1898 ad
856 1839 1066 1899 ministerium

131 1933 275 1994 clericale
298 1933 505 1994 exercendum
522 1951 606 1993 cum
633 1932 709 2011 ipsis
744 1931 970 1992 concurrerint.
999 1932 1065 1992 lmo

129 2027 301 2087 maximam
315 2026 442 2086 laudem
456 2025 488 2086 in
510 2043 546 2086 eo
563 2025 737 2086 exercendo
763 2023 823 2084 sibi
843 2028 1067 2102 compararant

129 2120 300 2180 maximam
315 2138 380 2197 prae
391 2119 512 2179 clericis
528 2117 722 2178 secularibus
737 2115 999 2177 existimationem
1009 2132 1066 2194 po-
1156 2120 1158 2126 '

129 2213 288 2292 pulcrum,
306 2212 346 2272 ob
361 2211 552 2290 singularem
567 2211 639 2272 vitae
654 2209 862 2272 sanctitatem.
878 2211 942 2269 Nec
957 2207 1066 2269 defue-

126 2309 202 2366 runt
221 2304 350 2383 quidam
374 2305 456 2365 inter
470 2302 653 2380 monachos,
671 2303 725 2382 qui
748 2302 846 2362 vitam
869 2301 1064 2379 apostolatus

127 2403 344 2476 susceperunt,
366 2395 410 2457 ita
432 2399 467 2457 ut
485 2396 591 2474 plures
609 2399 719 2474 gentes
735 2394 837 2457 ordini
861 2394 1062 2456 benedictino

128 2490 291 2568 Evangelii
302 2489 562 2569 propagationem
578 2489 765 2550 debuerunt.

168 2587 201 2644 5⁰
222 2583 380 2644 Accedere
398 2583 494 2661 coepit
504 2583 733 2643 monachorum
745 2581 959 2662 superioribus
971 2599 1063 2658 regu-

126 2675 247 2737 laribus
272 2679 304 2736 et
323 2675 499 2755 jurisdictio
516 2675 660 2755 quaedam
685 2674 775 2753 quasi
801 2671 986 2753 episcopalis
1004 2691 1062 2751 pro

128 2769 218 2846 locis,
236 2769 345 2830 castris
366 2769 416 2830 vel
431 2767 554 2846 oppidis
573 2766 764 2828 monasterio
786 2765 950 2846 subjectis3
972 2765 1060 2842 imo,

128 2863 299 2940 aliquando
315 2862 409 2922 etiam
418 2861 492 2942 jura
506 2861 626 2942 regalia
635 2879 690 2920 scu
705 2859 844 2921 feudalia
856 2878 926 2939 quae
942 2859 1063 2939 episco-

128 2955 256 3035 patibus
270 2955 365 3016 etiam
381 2955 536 3035 perillam
553 2957 678 3015 aetatem
693 2955 924 3032 competebant,
941 2953 974 3013 in
987 2955 1063 3014 Ger-

126 3049 235 3108 mania
260 3048 458 3126 potissimum
480 3065 651 3107 accessere.
683 3047 758 3118 Quae
780 3047 885 3108 omnia
906 3044 938 3105 id
967 3044 1061 3126 ctiam

126 3145 302 3221 sequuntur
316 3140 401 3220 quod
424 3139 490 3200 vita
507 3139 610 3200 activa
631 3139 748 3218 magis,
767 3140 930 3218 magisque
950 3153 1061 3197 mona-

127 3234 249 3294 chismo
265 3227 520 3313 conjungeretur.

165 3329 204 3388 X.
238 3329 311 3388 Hac
344 3327 382 3386 de
426 3324 532 3385 indole
561 3323 891 3402 monachismiipsius
924 3320 1056 3400 periodi.

124 3419 215 3502 Nulrc
238 3420 277 3479 de
301 3419 430 3480 utilitate
452 3435 521 3497 quae
545 3436 582 3477 cx
605 3419 673 3496 ipso
694 3417 726 3477 in
745 3415 918 3476 Ecclesiam
942 3413 1061 3473 redun-

125 3513 224 3574 davit.
