2542 4122
401 301 440 349 nn
462 301 592 350 cunero
612 300 695 350 lours
721 301 877 352 emerici.
1047 288 1106 352 22'1

64 519 68 527 ¹
172 449 281 526 specta
294 446 375 527 juris
388 447 552 527 analogia,
570 447 756 527 episcopalis
775 445 996 510 devolveretur
1010 447 1107 529 juris-

172 541 266 603 dictio
286 559 382 620 supra
402 559 567 603 romanam
582 541 762 618 dioecesim,
786 539 854 602 aliis
876 540 1007 602 distrahi
1020 541 1105 604 haud

172 634 283 695 deceat
296 634 445 713 negotiis,
462 638 498 695 ut
517 652 630 713 nempe
651 638 753 696 totum
769 633 931 694 incumbat
944 652 1026 695 novo
1050 635 1106 696 eli-

128 767 132 775 ·
169 726 275 805 gendo
296 725 456 803 Pontifici,
480 727 598 788 factum
620 730 667 788 est
689 727 773 807 quod
792 725 969 806 jurisdictio
996 727 1104 788 vicarii

168 819 466 899 Urbisprorogetur,
478 819 573 881 etiam
586 817 660 880 sede
675 835 808 880 romana
821 823 954 880 vacante
970 839 976 881 :
993 819 1101 900 sicque

160 911 304 978 'vicarius
318 912 402 973 vices
424 909 657 992 quodammodo
677 911 759 992 gerit
778 911 886 974 vicani
899 911 1100 992 capitularis,

170 1023 333 1085 quousque
346 1021 445 1066 novus
460 1004 603 1067 Pontifex
615 1004 760 1084 eligatur.

368 1151 380 1206 ς
393 1152 420 1194 ll.
437 1152 466 1192 lle
476 1153 560 1193 vicarlis
574 1151 736 1202 panicularum
747 1150 900 1200 conceperam.

207 1271 315 1331 XXXI.
335 1271 414 1332 Cum
433 1271 505 1332 finis
522 1271 554 1332 iu
573 1289 667 1352 quem
690 1271 809 1332 directa
828 1273 875 1332 est
888 1269 1099 1334 ecclesiastica

161 1361 339 1442 jurisdictio
360 1363 401 1424 sit
420 1363 491 1424 finis
505 1364 633 1425 ultimus
651 1363 815 1426 hominum
828 1409 836 1440 ,
851 1366 971 1424 aeterne
984 1375 1098 1444 nempe

164 1453 338 1532 beatitudo,
358 1455 411 1536 qui
426 1457 496 1517 finis
510 1456 607 1535 ipsius
616 1456 761 1536 proprius
774 1460 821 1518 est
830 1456 987 1518 societatis
1000 1457 1097 1518 eccle

164 1545 314 1624 siasticae,
336 1552 371 1608 ut
388 1548 484 1610 etiam
498 1549 694 1628 singulorum
715 1546 754 1609 de
776 1549 843 1627 ipsa
858 1549 1005 1610 societate
1023 1567 1096 1628 prc-

164 1638 250 1716 prius
265 1639 431 1718 habeatur,
452 1641 525 1702 inde
541 1641 682 1722 estquod
697 1640 907 1702 ecelesiastica
918 1639 1094 1720 jurisdictio

163 1731 211 1810 (ut
231 1731 299 1811 jam
316 1732 506 1814 dictumest)
528 1737 595 1814 tum
610 1733 649 1794 de
666 1732 806 1814 politico,
831 1736 898 1794 tum
919 1733 958 1794 de
966 1741 1095 1814 paterno

160 1826 327 1904 participet
339 1827 534 1888 auctoritate.

200 1921 244 1979 De
265 1918 319 1978 illa
333 1937 445 1998 nempe
465 1920 497 1979 in
512 1923 665 2000 quantum
679 1919 803 1998 publico
822 1919 972 1997 imperio,
989 1921 1092 1980 exter-

158 2027 233 2071 nam
253 2009 347 2072 totius
362 2012 519 2073 societatis
539 2011 744 2073 aeccncmiam
764 2011 930 2090 gubernat,
955 2029 1011 2071 scu
1025 2029 1092 2071 res-

158 2103 233 2181 picit
248 2103 341 2184 hujus
355 2105 585 2166 assecutionem
598 2105 630 2164 in
643 2121 820 2166 commune.
837 2105 881 2163 De
896 2103 956 2163 ista
967 2120 1041 2164 vero
1059 2102 1090 2162 in

157 2199 309 2275 quantum
323 2200 454 2275 paterna
463 2197 671 2259 sollicitudine
686 2199 718 2258 et
730 2195 882 2258 charitate
894 2195 1090 2273 singulorum

154 2292 304 2366 procurat
326 2289 568 2352 christianorum
588 2290 740 2366 salutem,
769 2305 824 2349 seu
847 2286 974 2366 respicit
995 2285 1089 2368 hujus

154 2379 225 2442 finis
239 2382 468 2444 assecutionem
483 2384 515 2444 in
528 2383 702 2446 individuo.

195 2475 285 2536 Unde
303 2475 443 2536 Ecclesia
457 2475 515 2537 suh
535 2475 652 2555 duplici
668 2477 813 2556 respectu
828 2476 931 2554 potest
945 2473 1088 2536 conside·

154 2566 238 2628 rari:
256 2571 287 2629 1ο
308 2571 459 2648 tauquam
480 2569 643 2651 respublica
664 2587 733 2648 quae
757 2567 815 2629 sub
843 2567 997 2645 episcopis
1023 2567 1087 2629 suis

154 2664 307 2739 tanquam
320 2660 512 2739 principibus
527 2662 661 2740 regitur3
677 2665 708 2721 2⁰
722 2663 874 2739 tanquam
882 2657 1001 2738 familia
1015 2675 1086 2738 quar

154 2751 195 2812 ab
206 2751 324 2812 eisdem
334 2755 485 2833 tanquam
497 2754 638 2833 patribus
648 2752 856 2832 gubernatum
871 2767 937 2827 seu,
947 2749 980 2810 in
991 2769 1086 2812 sensu

135 2868 138 2874 “
153 2845 337 2923 composito,
354 2845 545 2906 considerari
560 2849 662 2925 potest
675 2849 826 2924 tanquam
839 2862 917 2924 grex
938 2843 1027 2925 cujus
1044 2845 1085 2905 ad

150 2941 310 3016 pastorem
323 2941 444 3016 spectat
457 2937 643 3000 sollicitudo.
661 2939 742 3000 Dum
758 2938 842 2998 enim
855 2956 929 2999 oves
940 2937 1039 3018 pascit
1051 2938 1083 2998 in

151 3031 322 3108 communi,
338 3031 534 3111 singularum
547 3050 655 3092 curam
666 3031 752 3092 haud
762 3050 910 3110 respuere
925 3035 1079 3093 censetur.

192 3123 266 3182 Hac
277 3140 372 3202 porro
383 3124 498 3203 duplex
508 3123 975 3204 repraesentatiojurisdictionis
985 3125 1082 3184 eccle·

150 3215 284 3277 siasticae
299 3231 390 3296 quse,
412 3235 469 3295 pro
485 3221 598 3278 natura
611 3217 772 3295 potestatis
786 3235 899 3294 sacra,
921 3217 1082 3294 insepara-

148 3307 221 3369 bilis
236 3308 413 3372 habeturin
428 3309 465 3370 iis
485 3328 563 3390 quos
579 3310 711 3389 Spiritus
732 3312 864 3373 Sanctus
879 3309 982 3388 posuit
1001 3307 1080 3385 epis·
1142 3351 1144 3357 -
1249 3301 1250 3304 ’

149 3418 246 3479 cupos
267 3416 377 3482 regere
401 3403 573 3465 Ecclesiam
591 3401 658 3480 Dei,
684 3403 752 3464 visa
775 3407 822 3463 cst
846 3400 1079 3480 quodammodo

151 3494 292 3574 separari
315 3513 406 3575 posse
431 3496 463 3557 in
482 3495 722 3577 particularibus
748 3512 858 3556 corum
878 3491 1017 3569 vicariis,
1044 3495 1080 3555 ut
