2542 4122
168 297 225 356 leo
376 305 605 352 rnsrrrurmnns
627 305 710 351 rurus
732 303 885 350 canorum.

208 453 304 514 Secus
316 450 472 512 inferioris
483 450 601 512 ordinis
617 451 816 530 episcopatus
831 466 867 509 co
882 448 950 526 ipsc
964 446 1049 527 quod
1064 465 1102 508 ex

168 564 225 608 sua
248 543 442 606 institutione
464 544 522 605 fuit
546 544 700 623 superiori
730 541 882 604 obnoxius
911 539 1100 616 auctoritati,

169 639 227 701 luit
240 639 272 700 in
297 641 380 700 statu
395 637 567 716 reeipiendi
582 639 622 698 ab
636 638 690 696 illa
704 654 795 697 suam
810 633 1103 696 determinationem

170 733 201 792 in
217 734 374 794 concreto.
384 731 581 808 Quapropter
590 749 672 809 vaga
686 730 740 789 illa
754 728 903 807 pascendi
911 729 962 788 vel
972 726 1102 806 regendi

171 825 355 900 auctoritas,
374 841 443 903 quae
465 823 572 883 divina
592 823 787 884 institutione
810 820 1004 899 episcopatui
1018 838 1104 880 com-

170 921 290 997 peteret
314 935 386 977 cum
412 916 472 977 hoc
500 916 597 977 limite
626 915 845 993 dependentia
872 933 891 974 a
917 913 1103 992 pontificatu

170 1011 317 1086 inanime,
336 1010 544 1070 ecclesiastica
559 1010 617 1070 fuit
631 1009 824 1070 institutione
840 1007 1050 1068 determinata
1064 1005 1103 1066 ad

171 1101 364 1165 ordinarium
376 1103 528 1180 regimen,
541 1101 797 1181 ordinariumque
811 1099 1001 1179 gubernium
1012 1099 1104 1159 unius

170 1195 316 1257 territorii
340 1195 539 1255 ecelesiastici
563 1213 618 1255 seu
636 1194 819 1270 dioecesecS,
836 1193 902 1253 sire
921 1192 1007 1272 quod
1021 1192 1105 1252 idem

172 1293 218 1350 est
232 1289 272 1351 od
296 1288 489 1349 ordinarium
510 1288 651 1367 regimen
666 1286 898 1366 aggregationis
913 1285 996 1345 illius
1008 1284 1107 1345 eccle-

171 1381 304 1441 siasticae
320 1399 389 1460 quae
405 1381 501 1442 inille
516 1380 672 1442 territorio
688 1379 1019 1458 comprehenderetur.
1032 1380 1108 1438 Haec

172 1473 355 1552 aggregatio
382 1474 522 1552 partialis
546 1493 601 1534 seu
626 1473 743 1533 donate
760 1476 885 1550 pastore
913 1475 945 1532 et
960 1471 1030 1550 ipsa
1045 1469 1106 1530 dici

171 1562 1105 1645 eoepitEcolesiaparticularis,sicutetuniversalisEoclesia,

172 1657 340 1719 universali
352 1659 469 1719 donata
480 1663 617 1736 pastore,
629 1662 697 1718 κατ’
709 1663 809 1738 εξοχην
820 1658 880 1718 hoc
888 1657 1038 1719 Ecclesiae
1051 1674 1108 1716 uo-

172 1750 255 1811 mine
271 1749 418 1827 insignita
433 1753 489 1810 est.

212 1841 316 1904 Posita
341 1842 400 1902 hac
424 1841 582 1920 primitiva
607 1843 720 1906 Christi
749 1843 954 1918 institutione,
984 1841 1109 1922 adjecta

173 1937 231 1998 hac
258 1935 391 2014 positiva
406 1936 666 1998 determinatione
681 1938 798 2016 gradus
819 1935 1018 2014 episcopalis,
1035 1935 1109 1995 inde

172 2029 315 2091 videmus
335 2028 420 2109 quod
436 2028 526 2089 sicuti
544 2030 683 2090 Ecclesia
701 2029 885 2090 universalis
905 2048 974 2089 sese
992 2045 1111 2107 reprae-

172 2125 274 2184 sentat
298 2121 444 2184 distincta
467 2121 499 2181 in
521 2125 567 2183 tot
589 2123 780 2183 minusculas
806 2123 983 2198 societates,
1002 2121 1108 2199 aliquo

172 2217 265 2277 modo
291 2217 456 2294 perfectae,
477 2216 521 2276 ita
542 2215 592 2275 hie
617 2216 732 2294 duplex
756 2215 949 2276 auctoritatis
976 2214 1107 2293 graduS,

172 2308 341 2386 superioris
369 2313 400 2370 et
424 2307 594 2385 inferioris,
620 2327 687 2369 sese
702 2312 907 2386 repraesentat
930 2311 965 2367 ut
990 2307 1110 2386 gradus

172 2400 407 2478 gubernativae,
433 2401 595 2478 rectoriae,
621 2402 785 2480 pastoralis
810 2399 1025 2475 auctoritatiS,
1049 2399 1109 2460 hac

173 2491 240 2552 sola
255 2490 338 2550 facta
360 2491 545 2569 differentia,
565 2495 649 2573 quod
666 2494 745 2554 alter
759 2494 921 2555 ordinetur
936 2493 977 2552 ad
991 2494 1110 2572 guber-

174 2583 436 2646 niumsooietatis
456 2585 650 2663 universalis,
676 2588 755 2647 alter
772 2605 847 2648 vero
863 2587 903 2646 ad
918 2587 1110 2666 gubernium

172 2677 328 2739 societatis
352 2677 564 2756 particularis;
591 2678 670 2739 alter
693 2679 733 2740 sit
748 2683 891 2740 centrum
915 2680 999 2740 eirca
1023 2681 1109 2759 quod

173 2769 305 2829 vertitur
328 2770 504 2831 (coenomia
520 2771 615 2832 totius
634 2772 792 2848 Ecclesia,
810 2773 890 2834 altar
908 2773 949 2834 sit
965 2777 1109 2834 centrum

173 2860 348 2937 circaquod
360 2862 493 2923 vertitur
506 2866 644 2940 systema
655 2864 989 2943 regiminispeculiaris
1000 2865 1109 2926 Eccle-

173 2951 238 3029 siae,
254 2952 294 3012 ad
305 2957 447 3014 centrum
462 2974 627 3017 commune
640 2957 768 3036 quidem
783 2957 994 3019 coordinatus.

212 3044 287 3107 lude
298 3044 433 3107 vidimus
446 3066 515 3126 quse
529 3049 682 3128 principia
693 3049 786 3111 statui
807 3053 937 3127 possunt
952 3051 992 3111 ad
1008 3051 1109 3111 deter-

172 3139 323 3201 minanda
335 3137 409 3218 jura
423 3140 489 3200 sive
505 3141 624 3201 Summi
640 3141 808 3219 Pontificis,
825 3142 891 3202 sive
910 3143 1107 3224 singulorum

173 3233 392 3312 episcoporum
415 3233 588 3311 respective
615 3235 656 3294 ad
674 3235 815 3312 regimen
838 3238 906 3296 tum
921 3235 1106 3298 universalis

172 3325 330 3401 Ecclesia,
346 3329 414 3386 tum
424 3325 601 3404 peculiaria.

211 3420 263 3480 IV.
286 3421 317 3478 l⁰
332 3421 470 3497 Uterque
486 3417 536 3477 hic
556 3419 674 3497 gradus
689 3420 927 3500 jurisdictionis,
945 3424 1020 3485 data
1034 3441 1105 3502 pro-

173 3509 335 3584 portione,
359 3515 405 3572 est
430 3509 548 3588 gradus
567 3511 744 3590 originaria
763 3514 998 3592 jurisdictionis.
1026 3517 1106 3576 Nam
