2540 4132
203 297 262 360 {fl
416 307 649 358 remuneres
669 308 752 358 runis
771 309 928 358 cereum.

200 451 463 516 ueuwuoous
473 452 607 516 decursu
617 451 735 532 pesaim
744 452 880 518 laudate
889 455 965 518 sunt
973 453 1135 536 etejuris·

200 545 308 627 peritis
322 545 411 607 citeri
427 546 537 608 solent.

238 641 309 702 Iste
318 640 437 720 regulae
455 638 553 700 dividi
569 638 670 702 solent
683 638 716 702 iu
731 639 923 718 authenticae,
938 659 1011 721 quoe
1024 647 1133 707 aucto-

198 732 290 798 ritate
301 731 488 812 legislatoris
500 731 651 810 nituntur,
666 735 698 794 et
710 731 897 811 doctrinales,
908 751 978 814 qum
991 753 1012 795 e
1026 736 1135 800 docto-

197 827 284 889 ribus
298 825 427 906 privetis
441 826 541 888 instar
553 825 747 888 exiometum
760 825 896 888 invente
916 830 949 889 et
972 833 1137 908 usurpate·

197 925 279 982 sunt.
294 917 490 981 Anthenticae
500 919 565 981 vim
571 918 652 999 juris
667 918 818 995 obtinent,
838 937 855 980 e
880 919 1017 982 tundent
1027 921 1129 984 inten-

50 1065 55 1074 .
140 1009 179 1082 iffi
198 1012 316 1076 tionem
328 1011 511 1091 allegantis,
529 1012 629 1074 donec
645 1012 846 1074 adversarius
859 1031 969 1074 cesum
984 1032 1005 1074 e
1023 1015 1133 1094 regida

67 1153 74 1162 .
118 1172 123 1187 .
140 1123 175 1185 '33
198 1108 364 1184 exceptum
372 1105 528 1167 ostendat.
544 1107 737 1185 Frequenter
750 1108 857 1166 tumen
873 1105 1002 1183 fallunt,
1019 1109 1053 1168 et
1064 1107 1131 1169 ideo

195 1199 282 1260 nulla
295 1201 342 1260 est
355 1199 465 1278 regule
478 1198 544 1259 sine
562 1197 754 1276 exceptione.
775 1197 971 1261 Doctrinales
986 1217 1046 1260 seu
1056 1201 1133 1262 Bro-
1160 1193 1205 1318 ¹3⁴

197 1290 330 1356 cardicae
341 1309 404 1354 non
413 1290 601 1371 faciuntjus,
616 1309 674 1351 nec
688 1289 822 1352 fundant
835 1290 1044 1352 intentionem
1059 1292 1132 1354 alle-

196 1385 312 1465 gantis,
328 1385 385 1446 sed
401 1383 616 1464 probabiliter,
633 1383 659 1444 si
676 1383 809 1448 materie
821 1382 964 1463 sulq‘ecte
978 1384 1196 1492 patieturU

197 1477 320 1540 admitti
335 1478 447 1540 solent.

233 1571 434 1650 exceptionis
455 1589 474 1631 e
495 1570 606 1651 regula
627 1571 691 1631 tres
713 1587 781 1630 esse
793 1569 970 1648 preeoipuos
988 1571 1127 1633 effectus.

197 1666 220 1726 l.
236 1663 386 1743 Exceptio
407 1683 464 1723 ooo
484 1663 629 1744 ampliat,
644 1661 696 1723 sed
713 1661 869 1741 restringit
882 1662 1017 1742 requiem
1034 1680 1041 1721 :
1059 1681 1131 1724 nem

195 1755 412 1822 universalitas
425 1755 522 1834 ipsius
537 1756 642 1817 deficit
662 1757 812 1833 respectu
825 1773 915 1816 cesus
933 1755 1059 1834 excepti
1077 1776 1084 1817 z
1101 1759 1133 1816 et
1251 1747 1252 1796 ἶ

197 1866 254 1927 per
266 1847 337 1924 hoc,
355 1846 440 1926 quod
452 1847 700 1928 eliquidregulae
720 1846 922 1924 detrahetur,
938 1865 1004 1908 nou
1027 1847 1132 1928 sequi·

197 1943 259 2017 tur,
272 1939 415 2020 regulam
432 1939 547 2002 dehere
564 1940 688 2002 extendi
712 1940 795 2002 ultre
811 1939 1038 2018 proprietatem
1061 1959 1132 2002 suo·

197 2051 268 2098 rum
282 2033 461 2096 verborum.
474 2035 511 2094 ll.
530 2033 677 2113 [deceptio
691 2031 821 2094 declarat
833 2032 967 2112 reputem
975 2051 989 2110 ;
1003 2051 1081 2094 nam
1095 2052 1131 2094 ex

198 2127 348 2207 qualitate
363 2125 554 2205 exceptionis
571 2127 724 2204 apperet,
742 2125 782 2186 de
803 2143 866 2205 quo
884 2143 1002 2205 genere
1021 2126 1133 2206 regula

196 2219 351 2300 disponet.
365 2221 416 2282 lll.
432 2219 581 2299 Exceptio
595 2217 698 2300 fiunot
712 2217 845 2298 requiem
858 2217 890 2278 io
904 2217 1088 2279 contrariom
1103 2219 1133 2278 in

196 2311 307 2372 coeitoe
320 2332 378 2372 nce
391 2312 533 2392 receptet,
550 2311 610 2373 hoc
624 2314 681 2389 est,
699 2311 783 2392 quod
803 2329 909 2388 cesus,
932 2309 987 2390 qui
1010 2310 1132 2390 excepti

196 2420 261 2464 non
275 2404 486 2481 reperiuntur,
503 2407 690 2468 censeantur
703 2403 921 2482 comprehensi
936 2403 994 2464 sub
1007 2404 1129 2484 regula.

195 2493 250 2556 His
260 2493 429 2575 prejectis,
442 2496 580 2558 breviter
588 2496 741 2576 ettingem
750 2496 876 2575 regulas
880 2495 961 2575 juris
969 2496 1129 2572 canonici,

196 2587 291 2668 idque
303 2590 433 2668 propter
444 2591 572 2667 tyrones
578 2588 676 2669 juris,
691 2588 805 2670 quibus
817 2587 968 2648 suadetur
986 2588 1029 2649 eb
1044 2588 1130 2650 initio

196 2681 377 2743 condiscere
392 2682 520 2743 easdem
531 2681 667 2762 regulas,
685 2680 825 2761 alioquin
839 2680 934 2759 plene
947 2681 1130 2760 regularum

196 2772 307 2834 notitie
321 2774 519 2854 praerequirit
528 2773 671 2836 notitiam
685 2773 781 2835 totius
791 2772 882 2853 juris.
902 2775 983 2834 Fuse
1004 2773 1065 2835 hes
1082 2791 1129 2834 re-

195 2864 285 2943 gulas
295 2865 430 2943 explicet
441 2866 683 2945 Glosseltcgne
699 2868 780 2946 Aug.
793 2864 887 2925 Berh.
905 2867 937 2926 et
950 2865 1015 2927 elii.

235 2957 305 3020 iste
320 2957 438 3038 regule
452 2958 574 3039 disponi
585 2958 706 3038 possint
724 2956 898 3020 secundum
916 2957 1059 3022 materiae
1075 2975 1129 3020 seu
1248 2949 1249 2981 ¹

196 3048 311 3130 objecti
338 3050 501 3129 ordinem,
523 3055 578 3112 eut
602 3051 765 3112 dumtaxat
782 3053 928 3129 respectu
956 3049 1066 3112 habito
1086 3049 1130 3110 ed

194 3144 300 3208 locum
311 3161 406 3224 quem
421 3146 576 3224 occupant
588 3143 621 3204 in
631 3160 763 3223 corpore
773 3143 864 3225 juris.
878 3145 957 3206 Cum
967 3142 1127 3223 dispositio

196 3255 235 3298 ex
248 3237 349 3316 primo
361 3237 464 3317 capite
484 3237 650 3315 desumpta
662 3237 862 3317 suppeditare
877 3239 1016 3318 nequeat
1030 3252 1128 3298 mem·

195 3328 253 3392 bra
264 3329 389 3392 omnino
403 3329 559 3406 distincte7
574 3329 690 3393 suffieit
705 3333 740 3392 ut
755 3327 899 3392 ordinem
917 3327 1125 3394 Decretalium

195 3438 374 3500 sequamur.
463 3485 467 3492 ,
