2540 4132
183 325 224 392 ω
394 337 624 391 marcanesca
643 341 727 390 aas
748 339 902 390 emessa.

185 484 297 561 aaa,
327 482 453 549 vamur
476 485 688 564 composuisse
712 485 882 565 parandam
901 481 1122 547 ccllecdoaara

185 595 353 653 cacanum,
374 595 446 657 quaa
467 577 553 642 ecta
566 578 632 642 aaa
644 578 733 640 circa
747 580 843 641 linem
861 575 970 640 seculi
983 578 1023 638 ll.
1045 578 1122 638 llac

185 671 420 738 manabat-201
434 671 607 734 canonibus
618 671 780 735 variorum
797 670 1007 734 concideram
1017 669 1122 732 oriem

184 765 305 840 talium,
332 782 467 842 nempe:
492 764 621 840 Nicaeni,
637 764 809 842 Aneyram,
834 761 1118 837 Nec-cesariensis,

186 857 384 936 Gangrenam,
407 857 611 934 antiocheni,
629 857 841 934 laodicensis,
857 855 1121 933 aemmntimpo-

185 950 634 1027 anni1‚eccnnlceaonensa

225 1046 348 1108 Proetcr
368 1043 552 1123 hujumodi
578 1048 636 1106 adl
667 1061 820 1125 cencres,
842 1041 900 1120 ani
915 1040 1122 1118 reperiuntur

185 1138 282 1202 etiem
300 1136 337 1200 im
348 1137 410 1200 alia
420 1138 603 1200 ¹collectione
618 1156 717 1218 qaam
727 1135 827 1199 edidit
837 1134 949 1198 Christ.
967 1134 1121 1197 lamellas

183 1229 310 1290 Parisiis
323 1247 405 1291 anna
419 1233 507 1308 lle,
524 1231 582 1292 sub
600 1231 690 1292 titula
705 1228 890 1292 Collectienis
904 1247 1048 1292 canonum
1059 1227 1120 1289 Ec-

184 1322 278 1386 clesia
297 1321 479 1400 mande,
494 1341 564 1403 qnae
580 1343 618 1386 ex
636 1321 868 1403 antiquioribus
880 1319 1120 1384 collectionibus

185 1416 319 1480 collecta
329 1415 426 1478 luisse
438 1417 573 1478 videtur.

195 1519 197 1530 '
224 1509 503 1574 Hiscecencnihns
525 1509 640 1590 adjecit
654 1509 720 1587 ipse
748 1508 967 1570 Thecdcretns
980 1524 1120 1574 maanes

184 1602 398 1679 apostolerum
428 1606 460 1664 et
487 1620 623 1663 canones
650 1601 776 1663 aoncilii
804 1599 1010 1664 sardicensis,
1037 1601 1120 1662 Nam

183 1693 256 1754 licet
270 1694 329 1754 hoc
342 1694 508 1754 concilium
523 1694 707 1756 sardicense
718 1693 749 1753 in
764 1693 898 1754 Orientis
913 1691 1057 1770 partibus
1067 1709 1121 1751 ce-

184 1786 339 1846 lehratum
353 1785 403 1861 sit,
427 1789 459 1846 et
483 1785 609 1864 quidem
630 1787 724 1865 paulo
746 1789 817 1864 post
835 1784 1003 1846 concilium
1019 1784 1119 1844 Nicae-

184 1895 270 1953 num,
292 1879 433 1940 ettamen
452 1895 527 1941 cum
543 1878 603 1940 hoc
617 1879 784 1940 concilium
798 1877 996 1960 potissimum
1022 1875 1119 1936 fucrit

184 1969 362 2032 ahsolutum
376 1970 416 2030 ab
435 1971 588 2049 episcopis
611 1971 797 2048 Occidentis,
823 1971 1000 2031 hebebatur
1020 1987 1118 2048 penes

183 2063 315 2124 ledros.
326 2066 477 2144 tanquam
491 2063 588 2142 ipsius
602 2064 724 2126 ceneilii
739 2064 856 2125 Nieaeni
870 2061 1043 2142 appardix3
1061 2062 1119 2122 sed

183 2157 268 2218 illias
274 2175 413 2219 canones
422 2175 521 2236 penes
533 2157 709 2218 orientales
716 2175 778 2218 nen
789 2160 838 2221 sat
847 2160 938 2224 amnt
947 2155 1079 2234 vulgati,

223 2251 288 2312 Sed
305 2269 377 2324 cam
396 2251 612 2312 Theodcretus
635 2250 833 2328 Cyrenensis,
859 2250 900 2310 ob
925 2249 1117 2328 questiones

183 2361 261 2422 qaae
274 2361 385 2420 passm
398 2346 467 2403 erat
478 2343 509 2402 ia
523 2343 647 2421 synodo
660 2344 819 2422 Ephesiae
832 2345 859 2403 ll
877 2361 949 2404 cam
963 2342 1117 2402 Dicacera

183 2435 404 2511 Alenandrina,
420 2453 515 2516 aque
534 2437 637 2497 fuerat
648 2439 675 2496 'a
686 2437 760 2497 sede
775 2455 832 2498 sna
846 2436 997 2516 dejectae,
1015 2436 1116 2496 fretis

183 2527 356 2589 canonibus
373 2528 609 2590 Sardicensibas
630 2529 683 2609 qui
706 2529 915 2592 admittebant
932 2529 973 2589 ad
997 2531 1119 2590 Rema-

182 2639 260 2682 num
280 2621 463 2684 Pontificem
477 2622 712 2700 appellationes,
724 2623 764 2684 ad
777 2625 915 2683 Leonem
928 2621 1117 2684 Pontificem

182 2715 410 2794 appellavisset,
437 2716 477 2776 ab
497 2715 719 2795 ecqaefuisset
733 2715 765 2776 in
784 2715 1043 2780 communionem
1065 2733 1118 2774 re·-

182 2811 294 2886 ceptua
309 2812 341 2869 et
351 2808 384 2868 in
397 2809 506 2868 sedem
518 2809 689 2886 restitutus,
704 2812 736 2870 et
750 2809 878 2869 damiam
891 2808 1048 2887 imperiali
1059 2807 1117 2868 de-

183 2905 268 2962 creto
294 2904 325 2962 ct
347 2901 477 2962 concilio
495 2901 741 2963 Chalcedonensi
754 2901 977 2963 irreformabili·
993 2901 1118 2981 judicie

182 2993 405 3073 definitichue
417 2993 513 3059 fuerit
530 2995 563 3059 in
576 2995 743 3074 pristinum
754 2995 859 3059 locum
873 2995 1010 3070 restitus,
1024 2994 1116 3074 quasi

181 3087 262 3168 grati
278 3087 372 3147 animi
387 3087 511 3148 videtur
526 3087 662 3149 voluisse
674 3089 805 3167 vulgare
823 3107 919 3166 penes
940 3087 1116 3149 Orientales

181 3179 360 3262 hujusmodi
376 3199 511 3242 canones
530 3199 549 3242 a
567 3181 680 3261 quihus
699 3185 822 3243 tantum
837 3184 1003 3261 acceperat
1019 3181 1116 3242 hene-

181 3276 301 3340 flamm..

417 3355 444 3398 tl.
458 3357 490 3398 De
501 3355 626 3420 collectique
636 3357 727 3398 Jccnnlc
737 3355 875 3406 Aelloclml.

221 3467 272 3530 Ill.
297 3466 406 3526 Altera
423 3464 564 3526 collectio
580 3483 652 3544 paee
661 3465 775 3526 dicitur
783 3466 914 3528 loannis
924 3466 1114 3528 Antiocheni

183 3555 988 3631 prodiitcircamcdiumaeculilll.Erethiclaaance
997 3575 1117 3639 togae·
