<?xml version="1.0" encoding="UTF-8"?>
<!DOCTYPE html PUBLIC "-//W3C//DTD XHTML 1.0 Transitional//EN"
    "http://www.w3.org/TR/xhtml1/DTD/xhtml1-transitional.dtd">
<html xmlns="http://www.w3.org/1999/xhtml" xml:lang="en" lang="en">
 <head>
  <title>
</title>
<meta http-equiv="Content-Type" content="text/html;charset=utf-8" />
  <meta name='ocr-system' content='tesseract 3.04.00' />
  <meta name='ocr-capabilities' content='ocr_page ocr_carea ocr_par ocr_line ocrx_word'/>
</head>
<body>
  <div class='ocr_page' id='page_1' title='image "./institutionesju03marigoog_0256.png"; bbox 0 0 2542 4122; ppageno 0'>
   <div class='ocr_carea' id='block_1_1' title="bbox 204 365 926 426">
    <p class='ocr_par' dir='ltr' id='par_1_1' title="bbox 204 365 926 426">
     <span class='ocr_line' id='line_1_1' title="bbox 204 365 926 426; baseline -0.001 -1"><span class='ocrx_word' id='word_1_1' title='bbox 204 365 263 426; x_wconf 75' lang='lat' dir='ltr'>2l8</span> <span class='ocrx_word' id='word_1_2' title='bbox 413 379 644 426; x_wconf 81' lang='lat' dir='ltr'>msurnrrorcs</span> <span class='ocrx_word' id='word_1_3' title='bbox 664 381 749 426; x_wconf 80' lang='lat' dir='ltr'>ruris</span> <span class='ocrx_word' id='word_1_4' title='bbox 771 377 926 426; x_wconf 71' lang='lat' dir='ltr'>ceroma.</span> 
     </span>
    </p>
   </div>
   <div class='ocr_carea' id='block_1_2' title="bbox 205 521 1260 601">
    <p class='ocr_par' dir='ltr' id='par_1_2' title="bbox 205 521 1260 601">
     <span class='ocr_line' id='line_1_2' title="bbox 205 521 1260 601; baseline -0.002 -19"><span class='ocrx_word' id='word_1_5' title='bbox 205 523 274 583; x_wconf 77' lang='lat' dir='ltr'>alia</span> <span class='ocrx_word' id='word_1_6' title='bbox 287 522 437 599; x_wconf 73' lang='lat' dir='ltr'>ecclesia,</span> <span class='ocrx_word' id='word_1_7' title='bbox 452 541 508 583; x_wconf 84' lang='lat' dir='ltr'>seu</span> <span class='ocrx_word' id='word_1_8' title='bbox 521 522 573 582; x_wconf 89' lang='lat' dir='ltr'>alii</span> <span class='ocrx_word' id='word_1_9' title='bbox 586 523 668 584; x_wconf 88' lang='lat' dir='ltr'>tituli</span> <span class='ocrx_word' id='word_1_10' title='bbox 684 522 872 598; x_wconf 85' lang='lat' dir='ltr'>secundarii,</span> <span class='ocrx_word' id='word_1_11' title='bbox 889 521 993 601; x_wconf 90' lang='lat' dir='ltr'>primu</span> <span class='ocrx_word' id='word_1_12' title='bbox 1008 522 1155 599; x_wconf 80' lang='lat' dir='ltr'>rurales,</span> <span class='ocrx_word' id='word_1_13' title='bbox 1258 569 1260 580; x_wconf 79' lang='grc'>,</span> 
     </span>
    </p>
   </div>
   <div class='ocr_carea' id='block_1_3' title="bbox 205 615 1156 2452">
    <p class='ocr_par' dir='ltr' id='par_1_3' title="bbox 205 615 1156 1140">
     <span class='ocr_line' id='line_1_3' title="bbox 205 615 1156 696; baseline 0 -20"><span class='ocrx_word' id='word_1_14' title='bbox 205 616 319 676; x_wconf 89' lang='lat' dir='ltr'>deinde</span> <span class='ocrx_word' id='word_1_15' title='bbox 332 615 541 691; x_wconf 85' lang='lat' dir='ltr'>civitatenses,</span> <span class='ocrx_word' id='word_1_16' title='bbox 554 617 649 676; x_wconf 87' lang='lat' dir='ltr'>erecti</span> <span class='ocrx_word' id='word_1_17' title='bbox 663 621 746 693; x_wconf 88' lang='lat' dir='ltr'>sunt,</span> <span class='ocrx_word' id='word_1_18' title='bbox 760 617 874 696; x_wconf 82' lang='lat' dir='ltr'>quihus</span> <span class='ocrx_word' id='word_1_19' title='bbox 883 615 1016 693; x_wconf 89' lang='lat' dir='ltr'>siugulis</span> <span class='ocrx_word' id='word_1_20' title='bbox 1026 616 1156 676; x_wconf 88' lang='lat' dir='ltr'>addicti</span> 
     </span>
     <span class='ocr_line' id='line_1_4' title="bbox 205 708 1156 788; baseline -0.001 -18"><span class='ocrx_word' id='word_1_21' title='bbox 205 713 278 770; x_wconf 83' lang='lat' dir='ltr'>sunt</span> <span class='ocrx_word' id='word_1_22' title='bbox 292 708 544 784; x_wconf 64' lang='lat' dir='ltr'>cleriei-illius</span> <span class='ocrx_word' id='word_1_23' title='bbox 563 711 692 788; x_wconf 89' lang='lat' dir='ltr'>propria</span> <span class='ocrx_word' id='word_1_24' title='bbox 705 713 924 770; x_wconf 85' lang='lat' dir='ltr'>remanserunt</span> <span class='ocrx_word' id='word_1_25' title='bbox 938 709 1066 787; x_wconf 88' lang='lat' dir='ltr'>collegii</span> <span class='ocrx_word' id='word_1_26' title='bbox 1079 713 1156 769; x_wconf 82' lang='lat' dir='ltr'>tan-</span> 
     </span>
     <span class='ocr_line' id='line_1_5' title="bbox 207 801 1155 881; baseline -0.003 -18"><span class='ocrx_word' id='word_1_27' title='bbox 207 807 285 878; x_wconf 91' lang='lat' dir='ltr'>tum,</span> <span class='ocrx_word' id='word_1_28' title='bbox 302 802 387 881; x_wconf 93' lang='lat' dir='ltr'>quod</span> <span class='ocrx_word' id='word_1_29' title='bbox 401 801 576 862; x_wconf 77' lang='lat' dir='ltr'>cathedrali</span> <span class='ocrx_word' id='word_1_30' title='bbox 590 803 730 864; x_wconf 79' lang='lat' dir='ltr'>ecclcsiae</span> <span class='ocrx_word' id='word_1_31' title='bbox 748 803 909 862; x_wconf 88' lang='lat' dir='ltr'>addictum</span> <span class='ocrx_word' id='word_1_32' title='bbox 928 805 1008 876; x_wconf 89' lang='lat' dir='ltr'>erat,</span> <span class='ocrx_word' id='word_1_33' title='bbox 1034 802 1067 861; x_wconf 91' lang='lat' dir='ltr'>id</span> <span class='ocrx_word' id='word_1_34' title='bbox 1091 806 1155 877; x_wconf 90' lang='lat' dir='ltr'>est,</span> 
     </span>
     <span class='ocr_line' id='line_1_6' title="bbox 208 894 1156 974; baseline -0.001 -19"><span class='ocrx_word' id='word_1_35' title='bbox 208 913 305 974; x_wconf 85' lang='lat' dir='ltr'>penes</span> <span class='ocrx_word' id='word_1_36' title='bbox 319 895 485 973; x_wconf 76' lang='lat' dir='ltr'>collegium</span> <span class='ocrx_word' id='word_1_37' title='bbox 498 895 576 954; x_wconf 93' lang='lat' dir='ltr'>illud</span> <span class='ocrx_word' id='word_1_38' title='bbox 587 896 781 973; x_wconf 81' lang='lat' dir='ltr'>primitivum</span> <span class='ocrx_word' id='word_1_39' title='bbox 793 915 832 954; x_wconf 79' lang='lat' dir='ltr'>er</span> <span class='ocrx_word' id='word_1_40' title='bbox 843 912 906 974; x_wconf 91' lang='lat' dir='ltr'>quo</span> <span class='ocrx_word' id='word_1_41' title='bbox 920 895 1027 954; x_wconf 79' lang='lat' dir='ltr'>caeteri</span> <span class='ocrx_word' id='word_1_42' title='bbox 1042 894 1156 954; x_wconf 88' lang='lat' dir='ltr'>clerici</span> 
     </span>
     <span class='ocr_line' id='line_1_7' title="bbox 209 986 1155 1068; baseline -0.003 -20"><span class='ocrx_word' id='word_1_43' title='bbox 209 986 314 1068; x_wconf 49' lang='lat' dir='ltr'>avulsi,</span> <span class='ocrx_word' id='word_1_44' title='bbox 323 990 405 1063; x_wconf 90' lang='lat' dir='ltr'>sunt,</span> <span class='ocrx_word' id='word_1_45' title='bbox 419 991 454 1048; x_wconf 90' lang='lat' dir='ltr'>ut</span> <span class='ocrx_word' id='word_1_46' title='bbox 468 1005 581 1066; x_wconf 81' lang='lat' dir='ltr'>nempe</span> <span class='ocrx_word' id='word_1_47' title='bbox 596 988 796 1048; x_wconf 75' lang='lat' dir='ltr'>inferioribus</span> <span class='ocrx_word' id='word_1_48' title='bbox 811 986 1038 1047; x_wconf 78' lang='lat' dir='ltr'>addicerentur</span> <span class='ocrx_word' id='word_1_49' title='bbox 1049 987 1155 1047; x_wconf 88' lang='lat' dir='ltr'>eccle-</span> 
     </span>
     <span class='ocr_line' id='line_1_8' title="bbox 208 1099 272 1140; baseline -0.016 0"><span class='ocrx_word' id='word_1_50' title='bbox 208 1099 272 1140; x_wconf 85' lang='lat' dir='ltr'>sus.</span> 
     </span>
    </p>

    <p class='ocr_par' dir='ltr' id='par_1_4' title="bbox 206 1172 1154 2251">
     <span class='ocr_line' id='line_1_9' title="bbox 246 1172 1151 1252; baseline 0 -20"><span class='ocrx_word' id='word_1_51' title='bbox 246 1175 320 1232; x_wconf 72' lang='lat' dir='ltr'>llaec</span> <span class='ocrx_word' id='word_1_52' title='bbox 335 1175 440 1233; x_wconf 89' lang='lat' dir='ltr'>autem</span> <span class='ocrx_word' id='word_1_53' title='bbox 453 1172 618 1249; x_wconf 77' lang='lat' dir='ltr'>disciplina</span> <span class='ocrx_word' id='word_1_54' title='bbox 636 1173 790 1252; x_wconf 65' lang='lat' dir='ltr'>majorem</span> <span class='ocrx_word' id='word_1_55' title='bbox 805 1172 900 1232; x_wconf 91' lang='lat' dir='ltr'>etiam</span> <span class='ocrx_word' id='word_1_56' title='bbox 922 1172 1048 1250; x_wconf 83' lang='lat' dir='ltr'>accepit</span> <span class='ocrx_word' id='word_1_57' title='bbox 1068 1173 1151 1250; x_wconf 91' lang='lat' dir='ltr'>vim,</span> 
     </span>
     <span class='ocr_line' id='line_1_10' title="bbox 206 1264 1151 1344; baseline -0.001 -18"><span class='ocrx_word' id='word_1_58' title='bbox 206 1266 237 1326; x_wconf 91' lang='lat' dir='ltr'>in</span> <span class='ocrx_word' id='word_1_59' title='bbox 246 1266 375 1344; x_wconf 88' lang='lat' dir='ltr'>diesque</span> <span class='ocrx_word' id='word_1_60' title='bbox 384 1266 567 1324; x_wconf 87' lang='lat' dir='ltr'>confirmata</span> <span class='ocrx_word' id='word_1_61' title='bbox 578 1268 635 1340; x_wconf 83' lang='lat' dir='ltr'>est,</span> <span class='ocrx_word' id='word_1_62' title='bbox 643 1264 945 1325; x_wconf 80' lang='lat' dir='ltr'>obvitaecommuuis</span> <span class='ocrx_word' id='word_1_63' title='bbox 952 1264 1151 1340; x_wconf 87' lang='lat' dir='ltr'>institutum,</span> 
     </span>
     <span class='ocr_line' id='line_1_11' title="bbox 207 1357 1154 1437; baseline -0.001 -19"><span class='ocrx_word' id='word_1_64' title='bbox 207 1358 291 1437; x_wconf 92' lang='lat' dir='ltr'>qnod</span> <span class='ocrx_word' id='word_1_65' title='bbox 303 1357 371 1436; x_wconf 89' lang='lat' dir='ltr'>jam</span> <span class='ocrx_word' id='word_1_66' title='bbox 385 1361 494 1417; x_wconf 89' lang='lat' dir='ltr'>tunca</span> <span class='ocrx_word' id='word_1_67' title='bbox 517 1375 580 1417; x_wconf 88' lang='lat' dir='ltr'>sec.</span> <span class='ocrx_word' id='word_1_68' title='bbox 606 1359 647 1418; x_wconf 83' lang='lat' dir='ltr'>V⁰</span> <span class='ocrx_word' id='word_1_69' title='bbox 668 1357 765 1435; x_wconf 81' lang='lat' dir='ltr'>recipi</span> <span class='ocrx_word' id='word_1_70' title='bbox 788 1358 883 1434; x_wconf 83' lang='lat' dir='ltr'>coepit</span> <span class='ocrx_word' id='word_1_71' title='bbox 907 1357 992 1417; x_wconf 87' lang='lat' dir='ltr'>inter</span> <span class='ocrx_word' id='word_1_72' title='bbox 1017 1357 1154 1417; x_wconf 90' lang='lat' dir='ltr'>clericos</span> 
     </span>
     <span class='ocr_line' id='line_1_12' title="bbox 206 1445 1151 1528; baseline 0.001 -19"><span class='ocrx_word' id='word_1_73' title='bbox 206 1450 412 1509; x_wconf 82' lang='lat' dir='ltr'>dioecesauos.</span> <span class='ocrx_word' id='word_1_74' title='bbox 429 1449 574 1510; x_wconf 85' lang='lat' dir='ltr'>Instituta</span> <span class='ocrx_word' id='word_1_75' title='bbox 588 1450 704 1528; x_wconf 86' lang='lat' dir='ltr'>quippe</span> <span class='ocrx_word' id='word_1_76' title='bbox 727 1450 811 1510; x_wconf 88' lang='lat' dir='ltr'>inter</span> <span class='ocrx_word' id='word_1_77' title='bbox 833 1451 963 1510; x_wconf 87' lang='lat' dir='ltr'>clericos</span> <span class='ocrx_word' id='word_1_78' title='bbox 984 1445 1046 1508; x_wconf 88' lang='lat' dir='ltr'>hac</span> <span class='ocrx_word' id='word_1_79' title='bbox 1070 1449 1151 1525; x_wconf 88' lang='lat' dir='ltr'>vita,</span> 
     </span>
     <span class='ocr_line' id='line_1_13' title="bbox 208 1539 1154 1621; baseline 0 -20"><span class='ocrx_word' id='word_1_80' title='bbox 208 1544 243 1601; x_wconf 87' lang='lat' dir='ltr'>nt</span> <span class='ocrx_word' id='word_1_81' title='bbox 257 1539 369 1600; x_wconf 89' lang='lat' dir='ltr'>eodem</span> <span class='ocrx_word' id='word_1_82' title='bbox 382 1539 479 1616; x_wconf 90' lang='lat' dir='ltr'>victu,</span> <span class='ocrx_word' id='word_1_83' title='bbox 501 1542 612 1602; x_wconf 90' lang='lat' dir='ltr'>eadem</span> <span class='ocrx_word' id='word_1_84' title='bbox 630 1542 835 1616; x_wconf 78' lang='lat' dir='ltr'>habitatione,</span> <span class='ocrx_word' id='word_1_85' title='bbox 852 1541 1030 1621; x_wconf 89' lang='lat' dir='ltr'>eademque</span> <span class='ocrx_word' id='word_1_86' title='bbox 1049 1541 1154 1601; x_wconf 89' lang='lat' dir='ltr'>admi-</span> 
     </span>
     <span class='ocr_line' id='line_1_14' title="bbox 210 1632 1153 1710; baseline 0.001 -17"><span class='ocrx_word' id='word_1_87' title='bbox 210 1632 391 1693; x_wconf 84' lang='lat' dir='ltr'>nistratione</span> <span class='ocrx_word' id='word_1_88' title='bbox 407 1633 440 1692; x_wconf 93' lang='lat' dir='ltr'>in</span> <span class='ocrx_word' id='word_1_89' title='bbox 453 1633 610 1694; x_wconf 88' lang='lat' dir='ltr'>communi</span> <span class='ocrx_word' id='word_1_90' title='bbox 622 1637 796 1710; x_wconf 88' lang='lat' dir='ltr'>uterentur,</span> <span class='ocrx_word' id='word_1_91' title='bbox 808 1653 901 1694; x_wconf 90' lang='lat' dir='ltr'>nemo</span> <span class='ocrx_word' id='word_1_92' title='bbox 916 1652 981 1694; x_wconf 93' lang='lat' dir='ltr'>non</span> <span class='ocrx_word' id='word_1_93' title='bbox 995 1634 1085 1694; x_wconf 87' lang='lat' dir='ltr'>videt</span> <span class='ocrx_word' id='word_1_94' title='bbox 1096 1652 1153 1694; x_wconf 87' lang='lat' dir='ltr'>eos</span> 
     </span>
     <span class='ocr_line' id='line_1_15' title="bbox 206 1723 1152 1804; baseline 0.002 -20"><span class='ocrx_word' id='word_1_95' title='bbox 206 1723 318 1804; x_wconf 88' lang='lat' dir='ltr'>majori</span> <span class='ocrx_word' id='word_1_96' title='bbox 331 1725 541 1786; x_wconf 78' lang='lat' dir='ltr'>familiaritate</span> <span class='ocrx_word' id='word_1_97' title='bbox 556 1725 670 1787; x_wconf 84' lang='lat' dir='ltr'>arctari</span> <span class='ocrx_word' id='word_1_98' title='bbox 680 1727 818 1804; x_wconf 90' lang='lat' dir='ltr'>potuisse</span> <span class='ocrx_word' id='word_1_99' title='bbox 831 1745 904 1786; x_wconf 91' lang='lat' dir='ltr'>cum</span> <span class='ocrx_word' id='word_1_100' title='bbox 913 1725 1073 1804; x_wconf 87' lang='lat' dir='ltr'>episcopis</span> <span class='ocrx_word' id='word_1_101' title='bbox 1089 1727 1152 1786; x_wconf 90' lang='lat' dir='ltr'>cle·</span> 
     </span>
     <span class='ocr_line' id='line_1_16' title="bbox 211 1817 1153 1895; baseline 0.001 -18"><span class='ocrx_word' id='word_1_102' title='bbox 211 1818 291 1878; x_wconf 85' lang='lat' dir='ltr'>ricus</span> <span class='ocrx_word' id='word_1_103' title='bbox 301 1818 356 1895; x_wconf 94' lang='lat' dir='ltr'>qui</span> <span class='ocrx_word' id='word_1_104' title='bbox 368 1817 507 1877; x_wconf 75' lang='lat' dir='ltr'>ecclesia</span> <span class='ocrx_word' id='word_1_105' title='bbox 531 1818 702 1878; x_wconf 81' lang='lat' dir='ltr'>cathedrali</span> <span class='ocrx_word' id='word_1_106' title='bbox 717 1819 835 1879; x_wconf 86' lang='lat' dir='ltr'>addicti</span> <span class='ocrx_word' id='word_1_107' title='bbox 850 1825 940 1878; x_wconf 88' lang='lat' dir='ltr'>erant</span> <span class='ocrx_word' id='word_1_108' title='bbox 954 1819 1011 1878; x_wconf 89' lang='lat' dir='ltr'>ubi</span> <span class='ocrx_word' id='word_1_109' title='bbox 1030 1818 1153 1878; x_wconf 90' lang='lat' dir='ltr'>reside-</span> 
     </span>
     <span class='ocr_line' id='line_1_17' title="bbox 209 1910 1154 1990; baseline -0.001 -18"><span class='ocrx_word' id='word_1_110' title='bbox 209 1911 264 1972; x_wconf 88' lang='lat' dir='ltr'>bat</span> <span class='ocrx_word' id='word_1_111' title='bbox 278 1911 460 1988; x_wconf 90' lang='lat' dir='ltr'>episcopns;</span> <span class='ocrx_word' id='word_1_112' title='bbox 482 1910 572 1971; x_wconf 88' lang='lat' dir='ltr'>itaet</span> <span class='ocrx_word' id='word_1_113' title='bbox 587 1910 660 1990; x_wconf 84' lang='lat' dir='ltr'>jura</span> <span class='ocrx_word' id='word_1_114' title='bbox 673 1912 727 1970; x_wconf 93' lang='lat' dir='ltr'>illa</span> <span class='ocrx_word' id='word_1_115' title='bbox 745 1912 902 1990; x_wconf 85' lang='lat' dir='ltr'>adquisita</span> <span class='ocrx_word' id='word_1_116' title='bbox 922 1914 1053 1972; x_wconf 87' lang='lat' dir='ltr'>senatus</span> <span class='ocrx_word' id='word_1_117' title='bbox 1071 1912 1154 1989; x_wconf 86' lang='lat' dir='ltr'>epis·</span> 
     </span>
     <span class='ocr_line' id='line_1_18' title="bbox 211 2003 1149 2083; baseline -0.002 -18"><span class='ocrx_word' id='word_1_118' title='bbox 211 2004 328 2083; x_wconf 86' lang='lat' dir='ltr'>copalis</span> <span class='ocrx_word' id='word_1_119' title='bbox 352 2003 482 2082; x_wconf 88' lang='lat' dir='ltr'>collegio</span> <span class='ocrx_word' id='word_1_120' title='bbox 504 2003 556 2064; x_wconf 90' lang='lat' dir='ltr'>isti</span> <span class='ocrx_word' id='word_1_121' title='bbox 575 2003 759 2064; x_wconf 87' lang='lat' dir='ltr'>clericorum</span> <span class='ocrx_word' id='word_1_122' title='bbox 781 2004 970 2065; x_wconf 88' lang='lat' dir='ltr'>cathedralis</span> <span class='ocrx_word' id='word_1_123' title='bbox 993 2004 1149 2080; x_wconf 63' lang='lat' dir='ltr'>ecclesiae,</span> 
     </span>
     <span class='ocr_line' id='line_1_19' title="bbox 207 2095 1149 2177; baseline 0 -21"><span class='ocrx_word' id='word_1_124' title='bbox 207 2115 265 2177; x_wconf 91' lang='lat' dir='ltr'>per</span> <span class='ocrx_word' id='word_1_125' title='bbox 272 2095 448 2157; x_wconf 89' lang='lat' dir='ltr'>institutum</span> <span class='ocrx_word' id='word_1_126' title='bbox 459 2095 531 2156; x_wconf 73' lang='lat' dir='ltr'>vita</span> <span class='ocrx_word' id='word_1_127' title='bbox 547 2095 771 2172; x_wconf 89' lang='lat' dir='ltr'>communis,in</span> <span class='ocrx_word' id='word_1_128' title='bbox 785 2097 851 2156; x_wconf 90' lang='lat' dir='ltr'>dies</span> <span class='ocrx_word' id='word_1_129' title='bbox 864 2096 966 2175; x_wconf 90' lang='lat' dir='ltr'>magis</span> <span class='ocrx_word' id='word_1_130' title='bbox 979 2096 1149 2175; x_wconf 81' lang='lat' dir='ltr'>magisque</span> 
     </span>
     <span class='ocr_line' id='line_1_20' title="bbox 209 2191 487 2251; baseline -0.011 0"><span class='ocrx_word' id='word_1_131' title='bbox 209 2191 393 2251; x_wconf 76' lang='lat' dir='ltr'>consu-mata</span> <span class='ocrx_word' id='word_1_132' title='bbox 405 2194 487 2249; x_wconf 93' lang='lat' dir='ltr'>suut.</span> 
     </span>
    </p>

    <p class='ocr_par' dir='ltr' id='par_1_5' title="bbox 209 2281 1146 2452">
     <span class='ocr_line' id='line_1_21' title="bbox 248 2281 1145 2361; baseline -0.002 -18"><span class='ocrx_word' id='word_1_133' title='bbox 248 2285 286 2343; x_wconf 86' lang='lat' dir='ltr'>X.</span> <span class='ocrx_word' id='word_1_134' title='bbox 305 2283 367 2344; x_wconf 88' lang='lat' dir='ltr'>Sed</span> <span class='ocrx_word' id='word_1_135' title='bbox 388 2282 440 2342; x_wconf 89' lang='lat' dir='ltr'>alii</span> <span class='ocrx_word' id='word_1_136' title='bbox 455 2282 569 2358; x_wconf 90' lang='lat' dir='ltr'>clerici,</span> <span class='ocrx_word' id='word_1_137' title='bbox 589 2281 644 2360; x_wconf 95' lang='lat' dir='ltr'>qui</span> <span class='ocrx_word' id='word_1_138' title='bbox 657 2282 750 2361; x_wconf 86' lang='lat' dir='ltr'>longe</span> <span class='ocrx_word' id='word_1_139' title='bbox 764 2282 913 2342; x_wconf 84' lang='lat' dir='ltr'>vivebant</span> <span class='ocrx_word' id='word_1_140' title='bbox 927 2301 948 2342; x_wconf 90' lang='lat' dir='ltr'>a</span> <span class='ocrx_word' id='word_1_141' title='bbox 968 2281 1145 2342; x_wconf 84' lang='lat' dir='ltr'>cathedrali</span> 
     </span>
     <span class='ocr_line' id='line_1_22' title="bbox 209 2374 1146 2452; baseline 0.001 -20"><span class='ocrx_word' id='word_1_142' title='bbox 209 2375 352 2449; x_wconf 87' lang='lat' dir='ltr'>ecclesia,</span> <span class='ocrx_word' id='word_1_143' title='bbox 367 2381 398 2433; x_wconf 85' lang='lat' dir='ltr'>et</span> <span class='ocrx_word' id='word_1_144' title='bbox 411 2375 486 2451; x_wconf 87' lang='lat' dir='ltr'>ipsi,</span> <span class='ocrx_word' id='word_1_145' title='bbox 503 2374 543 2433; x_wconf 88' lang='lat' dir='ltr'>ad</span> <span class='ocrx_word' id='word_1_146' title='bbox 555 2375 696 2452; x_wconf 85' lang='lat' dir='ltr'>priorum</span> <span class='ocrx_word' id='word_1_147' title='bbox 709 2374 927 2450; x_wconf 87' lang='lat' dir='ltr'>imitationem,</span> <span class='ocrx_word' id='word_1_148' title='bbox 944 2375 1045 2435; x_wconf 88' lang='lat' dir='ltr'>vitam</span> <span class='ocrx_word' id='word_1_149' title='bbox 1061 2393 1146 2435; x_wconf 90' lang='lat' dir='ltr'>oom-</span> 
     </span>
    </p>
   </div>
   <div class='ocr_carea' id='block_1_4' title="bbox 207 2465 1258 2548">
    <p class='ocr_par' dir='ltr' id='par_1_6' title="bbox 207 2465 1258 2548">
     <span class='ocr_line' id='line_1_23' title="bbox 207 2465 1258 2548; baseline 0.001 -24"><span class='ocrx_word' id='word_1_150' title='bbox 207 2483 335 2524; x_wconf 90' lang='lat' dir='ltr'>muucm</span> <span class='ocrx_word' id='word_1_151' title='bbox 347 2465 430 2525; x_wconf 91' lang='lat' dir='ltr'>inter</span> <span class='ocrx_word' id='word_1_152' title='bbox 440 2484 473 2524; x_wconf 90' lang='lat' dir='ltr'>se</span> <span class='ocrx_word' id='word_1_153' title='bbox 483 2466 581 2543; x_wconf 86' lang='lat' dir='ltr'>recipi</span> <span class='ocrx_word' id='word_1_154' title='bbox 593 2470 792 2528; x_wconf 88' lang='lat' dir='ltr'>curaverunt.</span> <span class='ocrx_word' id='word_1_155' title='bbox 804 2467 894 2528; x_wconf 91' lang='lat' dir='ltr'>Unde</span> <span class='ocrx_word' id='word_1_156' title='bbox 908 2470 1026 2545; x_wconf 76' lang='lat' dir='ltr'>prater</span> <span class='ocrx_word' id='word_1_157' title='bbox 1038 2466 1145 2546; x_wconf 85' lang='lat' dir='ltr'>hujus-</span> <span class='ocrx_word' id='word_1_158' title='bbox 1257 2515 1258 2548; x_wconf 50' lang='lat'>,</span> 
     </span>
    </p>
   </div>
   <div class='ocr_carea' id='block_1_5' title="bbox 207 2556 1145 2824">
    <p class='ocr_par' dir='ltr' id='par_1_7' title="bbox 207 2556 1145 2824">
     <span class='ocr_line' id='line_1_24' title="bbox 207 2556 1145 2638; baseline 0 -20"><span class='ocrx_word' id='word_1_159' title='bbox 207 2557 293 2618; x_wconf 93' lang='lat' dir='ltr'>modi</span> <span class='ocrx_word' id='word_1_160' title='bbox 309 2556 474 2636; x_wconf 81' lang='lat' dir='ltr'>collegium</span> <span class='ocrx_word' id='word_1_161' title='bbox 488 2557 672 2619; x_wconf 88' lang='lat' dir='ltr'>clericorum</span> <span class='ocrx_word' id='word_1_162' title='bbox 685 2559 823 2620; x_wconf 80' lang='lat' dir='ltr'>ecclesiae</span> <span class='ocrx_word' id='word_1_163' title='bbox 839 2559 1041 2635; x_wconf 88' lang='lat' dir='ltr'>cathedralis,</span> <span class='ocrx_word' id='word_1_164' title='bbox 1060 2559 1145 2638; x_wconf 94' lang='lat' dir='ltr'>quod</span> 
     </span>
     <span class='ocr_line' id='line_1_25' title="bbox 208 2651 1145 2730; baseline -0.001 -18"><span class='ocrx_word' id='word_1_165' title='bbox 208 2658 276 2712; x_wconf 88' lang='lat' dir='ltr'>erat</span> <span class='ocrx_word' id='word_1_166' title='bbox 290 2655 416 2712; x_wconf 87' lang='lat' dir='ltr'>senatus</span> <span class='ocrx_word' id='word_1_167' title='bbox 429 2651 623 2730; x_wconf 87' lang='lat' dir='ltr'>episcopalis,</span> <span class='ocrx_word' id='word_1_168' title='bbox 641 2652 747 2711; x_wconf 82' lang='lat' dir='ltr'>atalia</span> <span class='ocrx_word' id='word_1_169' title='bbox 763 2652 804 2711; x_wconf 92' lang='lat' dir='ltr'>ad</span> <span class='ocrx_word' id='word_1_170' title='bbox 823 2653 923 2712; x_wconf 86' lang='lat' dir='ltr'>instar</span> <span class='ocrx_word' id='word_1_171' title='bbox 933 2652 1018 2712; x_wconf 88' lang='lat' dir='ltr'>illius</span> <span class='ocrx_word' id='word_1_172' title='bbox 1033 2669 1145 2712; x_wconf 88' lang='lat' dir='ltr'>sccun-</span> 
     </span>
     <span class='ocr_line' id='line_1_26' title="bbox 208 2743 1143 2824; baseline 0.001 -21"><span class='ocrx_word' id='word_1_173' title='bbox 208 2745 297 2804; x_wconf 86' lang='lat' dir='ltr'>daria</span> <span class='ocrx_word' id='word_1_174' title='bbox 324 2744 455 2822; x_wconf 89' lang='lat' dir='ltr'>collegia</span> <span class='ocrx_word' id='word_1_175' title='bbox 482 2743 609 2803; x_wconf 86' lang='lat' dir='ltr'>luerunt</span> <span class='ocrx_word' id='word_1_176' title='bbox 630 2745 790 2811; x_wconf 83' lang='lat' dir='ltr'>instituta:</span> <span class='ocrx_word' id='word_1_177' title='bbox 817 2750 848 2804; x_wconf 86' lang='lat' dir='ltr'>et</span> <span class='ocrx_word' id='word_1_178' title='bbox 873 2745 1143 2824; x_wconf 86' lang='lat' dir='ltr'>quemadmodum</span> 
     </span>
    </p>
   </div>
   <div class='ocr_carea' id='block_1_6' title="bbox 209 2821 1257 2917">
    <p class='ocr_par' dir='ltr' id='par_1_8' title="bbox 209 2821 1257 2917">
     <span class='ocr_line' id='line_1_27' title="bbox 209 2821 1257 2917; baseline 0.004 -23"><span class='ocrx_word' id='word_1_179' title='bbox 209 2835 375 2913; x_wconf 80' lang='lat' dir='ltr'>collegium</span> <span class='ocrx_word' id='word_1_180' title='bbox 388 2831 465 2896; x_wconf 71' lang='lat' dir='ltr'>tuuc</span> <span class='ocrx_word' id='word_1_181' title='bbox 479 2837 677 2914; x_wconf 66' lang='lat' dir='ltr'>primitium·</span> <span class='ocrx_word' id='word_1_182' title='bbox 693 2837 812 2897; x_wconf 67' lang='lat' dir='ltr'>uotum</span> <span class='ocrx_word' id='word_1_183' title='bbox 831 2837 890 2896; x_wconf 76' lang='lat' dir='ltr'>fuit</span> <span class='ocrx_word' id='word_1_184' title='bbox 909 2837 1086 2917; x_wconf 69' lang='lat' dir='ltr'>capitutum,</span> <span class='ocrx_word' id='word_1_185' title='bbox 1101 2837 1144 2897; x_wconf 76' lang='lat' dir='ltr'>ia</span> <span class='ocrx_word' id='word_1_186' title='bbox 1256 2821 1257 2846; x_wconf 64' lang='lat'>¹</span> 
     </span>
    </p>
   </div>
   <div class='ocr_carea' id='block_1_7' title="bbox 209 2927 1143 3099">
    <p class='ocr_par' dir='ltr' id='par_1_9' title="bbox 209 2927 1143 3099">
     <span class='ocr_line' id='line_1_28' title="bbox 209 2927 855 3006; baseline 0.002 -18"><span class='ocrx_word' id='word_1_187' title='bbox 209 2933 240 2988; x_wconf 89' lang='lat' dir='ltr'>et</span> <span class='ocrx_word' id='word_1_188' title='bbox 252 2927 320 2988; x_wconf 82' lang='lat' dir='ltr'>haec</span> <span class='ocrx_word' id='word_1_189' title='bbox 332 2929 519 2988; x_wconf 86' lang='lat' dir='ltr'>secundaria</span> <span class='ocrx_word' id='word_1_190' title='bbox 530 2929 667 3006; x_wconf 90' lang='lat' dir='ltr'>capitula</span> <span class='ocrx_word' id='word_1_191' title='bbox 680 2929 855 2990; x_wconf 89' lang='lat' dir='ltr'>dictasunt.</span> 
     </span>
     <span class='ocr_line' id='line_1_29' title="bbox 233 3020 1143 3099; baseline 0 -18"><span class='ocrx_word' id='word_1_192' title='bbox 233 3020 312 3081; x_wconf 92' lang='lat' dir='ltr'>·Sed</span> <span class='ocrx_word' id='word_1_193' title='bbox 332 3020 425 3096; x_wconf 91' lang='lat' dir='ltr'>illud,</span> <span class='ocrx_word' id='word_1_194' title='bbox 450 3027 485 3080; x_wconf 92' lang='lat' dir='ltr'>ut</span> <span class='ocrx_word' id='word_1_195' title='bbox 505 3039 525 3080; x_wconf 91' lang='lat' dir='ltr'>a</span> <span class='ocrx_word' id='word_1_196' title='bbox 548 3021 669 3081; x_wconf 74' lang='lat' dir='ltr'>aeteus</span> <span class='ocrx_word' id='word_1_197' title='bbox 688 3021 952 3098; x_wconf 86' lang='lat' dir='ltr'>distingueretur,</span> <span class='ocrx_word' id='word_1_198' title='bbox 971 3021 1143 3099; x_wconf 85' lang='lat' dir='ltr'>capitulum</span> 
     </span>
    </p>
   </div>
   <div class='ocr_carea' id='block_1_8' title="bbox 208 3113 1256 3192">
    <p class='ocr_par' dir='ltr' id='par_1_10' title="bbox 208 3113 1256 3192">
     <span class='ocr_line' id='line_1_30' title="bbox 208 3113 1256 3192; baseline -0.008 -18"><span class='ocrx_word' id='word_1_199' title='bbox 208 3113 327 3174; x_wconf 88' lang='lat' dir='ltr'>dictum</span> <span class='ocrx_word' id='word_1_200' title='bbox 340 3116 388 3174; x_wconf 89' lang='lat' dir='ltr'>est</span> <span class='ocrx_word' id='word_1_201' title='bbox 398 3113 600 3173; x_wconf 68' lang='lat' dir='ltr'>canentem</span> <span class='ocrx_word' id='word_1_202' title='bbox 615 3113 754 3174; x_wconf 71' lang='lat' dir='ltr'>ecclesia</span> <span class='ocrx_word' id='word_1_203' title='bbox 770 3114 973 3189; x_wconf 76' lang='lat' dir='ltr'>cathedralia,</span> <span class='ocrx_word' id='word_1_204' title='bbox 992 3115 1044 3173; x_wconf 92' lang='lat' dir='ltr'>vel</span> <span class='ocrx_word' id='word_1_205' title='bbox 1059 3115 1143 3192; x_wconf 87' lang='lat' dir='ltr'>capi·</span> <span class='ocrx_word' id='word_1_206' title='bbox 1255 3157 1256 3166; x_wconf 70' lang='grc'>,</span> 
     </span>
    </p>
   </div>
   <div class='ocr_carea' id='block_1_9' title="bbox 208 3206 1143 3564">
    <p class='ocr_par' dir='ltr' id='par_1_11' title="bbox 208 3206 1143 3472">
     <span class='ocr_line' id='line_1_31' title="bbox 208 3206 1142 3284; baseline -0.002 -17"><span class='ocrx_word' id='word_1_207' title='bbox 208 3208 309 3268; x_wconf 89' lang='lat' dir='ltr'>tulum</span> <span class='ocrx_word' id='word_1_208' title='bbox 319 3206 575 3267; x_wconf 86' lang='lat' dir='ltr'>antonomastice.</span> <span class='ocrx_word' id='word_1_209' title='bbox 589 3207 663 3266; x_wconf 85' lang='lat' dir='ltr'>Haec</span> <span class='ocrx_word' id='word_1_210' title='bbox 672 3211 778 3268; x_wconf 87' lang='lat' dir='ltr'>autem</span> <span class='ocrx_word' id='word_1_211' title='bbox 792 3207 929 3284; x_wconf 90' lang='lat' dir='ltr'>capitula</span> <span class='ocrx_word' id='word_1_212' title='bbox 938 3207 1142 3266; x_wconf 87' lang='lat' dir='ltr'>ecclesiarum</span> 
     </span>
     <span class='ocr_line' id='line_1_32' title="bbox 209 3297 1143 3378; baseline -0.001 -19"><span class='ocrx_word' id='word_1_213' title='bbox 209 3297 462 3361; x_wconf 88' lang='lat' dir='ltr'>conventualium</span> <span class='ocrx_word' id='word_1_214' title='bbox 481 3315 537 3357; x_wconf 89' lang='lat' dir='ltr'>seu</span> <span class='ocrx_word' id='word_1_215' title='bbox 557 3299 793 3378; x_wconf 83' lang='lat' dir='ltr'>collegiatarum</span> <span class='ocrx_word' id='word_1_216' title='bbox 815 3300 991 3360; x_wconf 85' lang='lat' dir='ltr'>dictasunt</span> <span class='ocrx_word' id='word_1_217' title='bbox 1012 3299 1143 3378; x_wconf 78' lang='lat' dir='ltr'>capitulo</span> 
     </span>
     <span class='ocr_line' id='line_1_33' title="bbox 208 3393 676 3472; baseline 0.019 -21"><span class='ocrx_word' id='word_1_218' title='bbox 208 3393 372 3472; x_wconf 68' lang='lat' dir='ltr'>collegiata.</span> <span class='ocrx_word' id='word_1_219' title='bbox 670 3452 676 3460; x_wconf 93' lang='lat'><em>.</em></span> 
     </span>
    </p>

    <p class='ocr_par' dir='ltr' id='par_1_12' title="bbox 248 3477 1142 3564">
     <span class='ocr_line' id='line_1_34' title="bbox 248 3477 1142 3564; baseline 0 -22"><span class='ocrx_word' id='word_1_220' title='bbox 248 3485 346 3544; x_wconf 87' lang='lat' dir='ltr'>Porro</span> <span class='ocrx_word' id='word_1_221' title='bbox 359 3503 456 3563; x_wconf 90' lang='lat' dir='ltr'>quum</span> <span class='ocrx_word' id='word_1_222' title='bbox 471 3483 608 3562; x_wconf 88' lang='lat' dir='ltr'>capitula</span> <span class='ocrx_word' id='word_1_223' title='bbox 619 3503 682 3545; x_wconf 91' lang='lat' dir='ltr'>non</span> <span class='ocrx_word' id='word_1_224' title='bbox 694 3477 757 3546; x_wconf 85' lang='lat' dir='ltr'>sint</span> <span class='ocrx_word' id='word_1_225' title='bbox 770 3485 831 3544; x_wconf 90' lang='lat' dir='ltr'>nisi</span> <span class='ocrx_word' id='word_1_226' title='bbox 844 3483 990 3564; x_wconf 86' lang='lat' dir='ltr'>quaedam</span> <span class='ocrx_word' id='word_1_227' title='bbox 1010 3482 1142 3562; x_wconf 88' lang='lat' dir='ltr'>collegia</span> 
     </span>
    </p>
   </div>
   <div class='ocr_carea' id='block_1_10' title="bbox 211 3570 1255 3652">
    <p class='ocr_par' dir='ltr' id='par_1_13' title="bbox 211 3570 1255 3652">
     <span class='ocr_line' id='line_1_35' title="bbox 211 3570 1255 3652; baseline 0.011 -27"><span class='ocrx_word' id='word_1_228' title='bbox 211 3570 366 3632; x_wconf 85' lang='lat' dir='ltr'>clericalia</span> <span class='ocrx_word' id='word_1_229' title='bbox 393 3579 559 3637; x_wconf 88' lang='lat' dir='ltr'>senatuum</span> <span class='ocrx_word' id='word_1_230' title='bbox 582 3576 683 3636; x_wconf 84' lang='lat' dir='ltr'>instar</span> <span class='ocrx_word' id='word_1_231' title='bbox 704 3575 856 3652; x_wconf 85' lang='lat' dir='ltr'>instituta,</span> <span class='ocrx_word' id='word_1_232' title='bbox 881 3579 1009 3637; x_wconf 86' lang='lat' dir='ltr'>senatus</span> <span class='ocrx_word' id='word_1_233' title='bbox 1037 3579 1142 3636; x_wconf 87' lang='lat' dir='ltr'>autem</span> <span class='ocrx_word' id='word_1_234' title='bbox 1254 3585 1255 3610; x_wconf 65' lang='lat'><strong>³</strong></span> 
     </span>
    </p>
   </div>
   <div class='ocr_carea' id='block_1_11' title="bbox 0 0 1278 4122">
    <p class='ocr_par' dir='ltr' id='par_1_14' title="bbox 0 0 1278 4122">
     <span class='ocr_line' id='line_1_36' title="bbox 0 0 1278 4122; baseline 0 0"><span class='ocrx_word' id='word_1_235' title='bbox 0 0 1278 4122; x_wconf 95' lang='lat' dir='ltr'> </span> 
     </span>
    </p>
   </div>
  </div>
 </body>
</html>
