2502 4130
347 375 386 420 ns
408 373 536 422 0000οτ0
556 375 640 422 rmrs
661 374 818 422 canonici.
991 361 1050 424 333

118 519 303 599 erigeretur.
332 519 435 591 Quare
461 519 571 598 regula
594 537 690 600 quam
715 517 974 582 antecedentibus
998 537 1052 598 pe-

118 611 238 690 riodis,
267 631 363 691 supra
386 611 529 690 spiritum
550 613 600 674 vel
625 612 827 692 prudentiam
855 611 1053 691 particularis

118 705 215 766 enimi
227 703 402 766 fundatoris
411 705 613 782 innitebatur,
624 705 771 785 praesenti
785 704 845 765 bac
860 703 1004 784 periodo,
1019 705 1052 766 in

117 797 267 860 Ecclesiae
278 797 399 877 judicic
421 800 453 858 et
466 799 649 877 prudentia,
663 797 818 878 majorem
832 801 925 860 nacta
939 800 986 860 est
1004 815 1053 860 se-

117 891 296 954 caritatem.

157 984 221 1046 Sed
241 983 334 1046 simul
354 987 386 1045 ct
405 982 551 1064 nigidium
571 983 688 1064 qnippe
708 984 863 1064 regularis
881 984 1051 1064 professio,

116 1095 189 1158 quae
199 1077 396 1140 antecedenti
405 1077 536 1156 periodo
545 1076 714 1157 ignorabat
723 1080 808 1154 vota,
818 1077 913 1156 coepit
922 1077 1053 1156 periodo

118 1171 181 1231 hac
195 1189 266 1232 cum
279 1170 360 1232 votis
376 1169 543 1250 conjungi;
562 1174 594 1231 et
608 1169 755 1251 quedam
768 1174 842 1232 vota
855 1189 919 1232 non
930 1173 1055 1232 tantum

118 1263 300 1324 habuerunt
316 1281 373 1342 pro
397 1262 520 1342 objecto
534 1262 595 1324 tria
617 1262 747 1324 consilia
762 1262 961 1343 evangelica,
978 1281 1056 1343 peu-

117 1355 260 1435 pertatis,
277 1355 428 1417 castitatis
442 1359 474 1416 et
492 1355 695 1432 obedientiae,
710 1373 780 1435 quae
796 1356 964 1418 subaudita
983 1361 1056 1420 sunt

118 1449 151 1509 in
162 1451 313 1528 conceptu
330 1448 508 1511 christianas
523 1447 733 1528 perfectiouis,
746 1449 802 1510 sed
822 1449 864 1510 ad
883 1449 945 1512 alia
960 1449 1056 1512 etism

120 1541 244 1622 objecta
259 1535 535 1622 supererogatorla
551 1545 681 1604 extensa
694 1544 782 1619 sunt,
800 1541 957 1621 siquidem
969 1543 1054 1604 vide-

118 1653 189 1696 mus
211 1635 377 1696 nonuullss
391 1634 561 1714 religiones
573 1638 730 1715 3quartum
744 1634 903 1698 addidisse
925 1639 1052 1713 votum,

119 1727 210 1790 sicuti
229 1726 269 1788 de
284 1728 479 1807 Eemplariis‚
498 1728 537 1789 de
550 1728 724 1804 Fratribus,
742 1727 781 1789 de
796 1728 960 1807 Mercede,
977 1733 1052 1806 etc,

119 1820 275 1883 verificari
288 1820 436 1882 vidimus.

161 1915 225 1974 Neo
239 1915 363 1974 tantum
378 1918 453 1975 vota
474 1912 543 1976 baec
567 1913 691 1994 adjecta
710 1913 895 1992 professioni
918 1913 1056 1994 regulari

119 2007 249 2068 nerunt
262 2011 336 2067 vota
357 2005 530 2086 simplicia,
548 2007 662 2067 emissa
676 2024 789 2085 nempe
801 2024 879 2084 pure
895 2009 927 2067 et
939 2006 1059 2086 simpli-

120 2100 200 2161 citer
213 2117 271 2178 pro
286 2098 455 2178 prudentia
468 2099 663 2178 profiteutis,
680 2098 736 2159 sed
756 2102 831 2160 vota
845 2098 1007 2176 solemnia,
1024 2099 1058 2159 id

121 2196 189 2269 est,
211 2191 394 2253 solemniter
415 2191 455 2254 ab
470 2191 610 2253 Ecclesia
624 2191 798 2271 recognita,
816 2193 963 2270 recepta,
987 2195 1058 2254 rata

120 2284 241 2346 habita.
270 2285 336 2357 Quo
363 2285 571 2364 irrefragabili
598 2283 746 2346 Ecclesia
771 2283 891 2364 judicio
919 2284 1056 2346 interve-

121 2378 239 2454 niente,
253 2379 290 2438 fit
302 2380 338 2438 ut
351 2378 415 2439 voti
430 2377 578 2439 materies
592 2394 656 2439 000
671 2377 846 2440 sitientum
860 2377 937 2458 quid
946 2378 1057 2440 melius

122 2471 155 2531 et
168 2469 316 2549 possibile
338 2469 370 2530 in
392 2471 567 2548 abstracto,
592 2469 696 2550 prouti
715 2489 783 2532 esse
805 2471 920 2533 dicitur
938 2471 1057 2534 devoti

122 2566 247 2639 natura,
261 2552 319 2623 sed
331 2564 387 2624 liat
401 2563 496 2624 etiam
509 2563 585 2644 quid
599 2563 712 2624 melius
728 2567 759 2624 et
773 2563 920 2642 possibile
937 2564 969 2624 in
984 2581 1059 2625 000-

121 2659 226 2732 cretc,
255 2655 419 2716 inordina
445 2656 486 2716 ad
507 2655 705 2718 individuum
738 2657 797 2717 sub
823 2655 877 2716 illa
906 2655 1057 2734 peculiari

122 2749 235 2828 regula
257 2748 499 2810 consideratum.
516 2749 681 2829 Siquidem·
693 2748 843 2825 Ecclesia,
858 2749 969 2828 regula
985 2767 1058 2810 con-

122 2842 262 2902 siderata
273 2841 305 2902 in
320 2841 429 2904 ordine
441 2841 483 2902 ad
497 2843 593 2902 finem
602 2861 697 2922 quem
707 2840 765 2902 sibi
776 2841 933 2922 proponit,
945 2841 1058 2922 dijudi-

122 2937 175 2998 cat
189 2952 301 2996 revera
319 2934 398 2995 illud
412 2934 524 2996 melius
547 2938 579 2995 et
593 2935 740 3014 possibile
753 2953 810 3014 pro
827 2934 989 2996 individuo
1004 2934 1057 2995 ille

122 3045 203 3089 0000.
216 3028 319 3099 Quare
330 3028 366 3089 tit
375 3031 410 3088 ut
422 3028 542 3089 bonum
556 3028 687 3104 morale,
701 3046 756 3088 seu
770 3027 897 3090 moralis
908 3027 1057 3107 perfectio

122 3110 278 3182 individui
292 3120 477 3200 possitesse,
491 3119 554 3182 imo
567 3121 607 3182 sit
616 3121 793 3183 communis
802 3121 883 3182 ratio
896 3118 1058 3181 solutionis

121 3213 187 3275 voti
203 3212 362 3291 simplicis,
379 3214 406 3274 si
416 3213 623 3274 demonstrari
636 3214 735 3293 possit
745 3213 963 3294 imprudenter
978 3211 1057 3272 indi·
1142 3241 1144 3246 .

122 3306 255 3368 viduum
269 3305 357 3368 illum
371 3307 493 3368 vovisse
503 3305 535 3366 id
548 3325 604 3384 pro
621 3325 683 3386 qun
697 3306 892 3386 assequendo
903 3305 1059 3366 viressul-

122 3399 263 3462 ficientes
285 3417 348 3460 non
369 3399 481 3473 habet;
503 3402 578 3460 vcta
606 3399 690 3462 enim
708 3399 811 3461 emisit
825 3398 878 3459 uni
899 3415 964 3458 suae
986 3416 1059 3476 pru-

122 3491 239 3558 dentiae
262 3491 402 3570 innixus,
425 3511 483 3554 uec
499 3511 607 3554 omnes
622 3491 768 3572 praevidit
789 3495 820 3554 et
839 3490 997 3553 dimetitus
1012 3494 1059 3552 est
1185 3503 1188 3508 ·

123 3577 386 3666 circumstantias,
395 3604 453 3647 neo
462 3586 539 3648 satis
551 3585 718 3665 perpendit
727 3584 809 3647 vires
819 3601 891 3646 suas
904 3584 944 3645 ad
957 3584 1017 3646 hcc
1025 3586 1060 3645 ut

925 3692 971 3746 lt*
