2542 4122
183 305 242 366 252
392 307 621 362 1nsr1t'crronss
640 307 724 360 imis
744 305 899 358 monier.

183 460 416 524 contendebant
439 460 479 522 de
505 462 634 538 papatu,
658 457 704 519 its
727 475 836 518 omues
861 474 936 516 suos
954 455 1132 516 habebant

182 554 368 616 cardinales.

224 646 287 710 Sed
306 646 435 706 demum
455 645 560 706 Sixtus
581 645 607 704 V
630 677 671 687 —
687 642 910 704 constitutione
935 640 1130 722 Primqomn

182 759 276 814 cerus,
293 736 539 800 ross-statuit
561 740 596 796 ut
610 735 816 813 inposterum
838 735 919 794 Lxx
942 738 1028 793 esset
1049 752 1130 794 car-

183 831 335 893 dinalium
357 847 525 904 uumerus,
553 827 595 894 ad
614 828 714 887 instar
746 829 828 888 LXX
850 825 1013 886 seniorum
1037 845 1128 904 quos

184 924 288 1005 (Num.
314 921 358 1000 xi)
384 921 500 982 scimus
515 939 534 980 a
552 922 616 980 Deo
635 919 725 979 datos
738 919 833 978 fuisse
847 918 947 995 Moysi
970 919 1129 978 consilia-

183 1016 247 1077 rios
263 1035 270 1076 :
285 1016 354 1076 XIV
364 1013 452 1074 fuere
463 1011 597 1088 diaconi,
613 1013 637 1071 L
651 1011 838 1088 presbyteri,
860 1012 901 1070 Vl
916 1011 1069 1088 episcopi,
1089 1013 1127 1070 in

182 1125 282 1168 unum
292 1105 466 1186 conjunctis
474 1104 705 1182 episcopatibus
717 1103 922 1163 Portuensiet
930 1103 970 1163 S*
981 1104 1123 1165 Rufinae.

183 1199 241 1272 Oui
267 1217 416 1260 numerus
440 1195 611 1258 hodiedum
634 1199 788 1269 servatur,
818 1193 878 1254 hac
905 1199 1013 1254 tamen
1034 1196 1126 1258 faeta

182 1291 380 1366 differentia,
424 1289 509 1368 quod
549 1287 748 1365 episcopatus
780 1287 1060 1349 centumcellensis
1103 1308 1125 1348 u

139 1397 143 1404 '
182 1386 286 1444 Leone
301 1383 355 1442 ΧΠ
368 1381 408 1442 ab
419 1380 599 1458 episcopatu
613 1379 801 1467 Yiterbiensi
817 1379 996 1455 distractus,
1009 1381 1124 1442 unitus

180 1473 273 1535 luerit
295 1472 488 1551 episcopatui
512 1472 690 1544 Portueusi;
716 1472 810 1532 hodie
829 1491 904 1532 vcro
921 1475 1011 1534 ePio
1028 1476 1071 1534 IX
1086 1475 1123 1534 iu

182 1566 374 1646 singularem
388 1569 510 1626 erectus
523 1569 570 1626 est
582 1565 808 1644 episcopatum.

223 1659 291 1720 Xll.
316 1658 368 1720 Sic
383 1658 458 1719 date
471 1657 609 1732 notione,
619 1657 785 1735 assignatis
798 1658 961 1736 speciebus
976 1663 1008 1719 et
1020 1660 1124 1720 variis

161 1809 166 1820 ,
180 1751 330 1832 gradibus
340 1750 499 1830 diguitatis
509 1750 730 1828 capitulorum,
743 1757 775 1810 et
784 1751 945 1829 assignata
959 1752 1121 1830 dignitate

184 1863 289 1925 quam,
313 1842 502 1904 cathedralis
526 1843 626 1904 instar
646 1843 783 1921 capituli,
799 1846 905 1904 Romae
921 1848 1006 1904 tenet
1022 1846 1123 1905 colle-

181 1937 269 2017 gium
284 1937 315 2000 S.
329 1938 365 1998 R.
383 1937 419 1997 b.
437 1937 509 2012 GC„
528 1935 674 2014 quaedam
686 1936 853 1996 statuenda
873 1941 947 1997 suut
959 1937 1122 2016 principia

184 2048 253 2110 quae
278 2029 404 2091 valeant
426 2028 540 2089 horum
555 2027 758 2106 collegiorum
774 2029 991 2090 auctoritatem
1011 2031 1122 2092 deter-

181 2141 313 2186 minare.

224 2219 326 2288 Quum
337 2215 473 2294 capitula
487 2217 518 2274 ct
528 2213 694 2292 collegium
702 2232 841 2275 romanae
854 2216 1002 2277 Ecclesiae
1015 2216 1121 2277 canii-

183 2308 302 2368 nulium
316 2309 434 2368 nullam
459 2305 597 2368 habeant
620 2305 759 2366 divinam
786 2306 1025 2385 institutionem,
1053 2328 1119 2370 non

184 2399 267 2458 enim
290 2397 465 2476 presbyteri
490 2403 521 2458 et
540 2398 674 2474 diaconi,
699 2399 752 2460 sed
770 2394 907 2478 episcopi
928 2402 1024 2479 positi
1043 2407 1120 2462 sunt

183 2509 203 2552 a
222 2489 339 2570 Spiritu
352 2491 466 2551 Sancto
482 2508 592 2568 regere
609 2491 780 2568 Ecclesiam
795 2492 862 2569 Dei,
879 2493 953 2552 inde
969 2495 1119 2573 estquod

183 2583 251 2646 haec
261 2583 394 2662 collegia
408 2582 526 2642 nullam
541 2583 679 2644 habeant
698 2584 927 2662 auctoritatem,
943 2586 1003 2646 uisi
1018 2606 1118 2666 quem

181 2675 230 2756 jus
265 2675 508 2742 ecclesiasticum
534 2679 588 2736 aut
619 2693 785 2737 commuue
818 2682 872 2739 aut
905 2679 1115 2757 particulare,

182 2769 332 2846 scriptum
360 2768 411 2829 vel
434 2786 497 2828 non
523 2767 683 2845 scriptum,
713 2769 773 2829 illis
794 2771 959 2832 concessit.
983 2772 1047 2833 Sed
1062 2772 1117 2851 jus

183 2859 439 2937 ecclesiasticum,
463 2859 556 2920 aliam
575 2859 623 2920 his
644 2861 782 2939 collegiis
801 2863 932 2926 eontulit
947 2865 1116 2925 auctorita-

182 2957 246 3014 tem
258 2951 382 3012 vivente
403 2952 549 3031 episcopo
569 2959 600 3013 et
615 2952 778 3014 ecclesiam
798 2973 888 3016 suam
902 2956 1113 3034 gubernante,

182 3046 277 3106 aliam
298 3062 372 3106 vero
392 3045 467 3104 sede
481 3048 626 3106 vacante.
647 3045 733 3106 Unde
741 3047 807 3129 'sub
822 3047 882 3107 hac
894 3048 1014 3126 duplici
1028 3049 1116 3110 dide
1159 3114 1162 3120 ,

182 3138 294 3215 mutia,
311 3137 474 3216 sequentia
487 3137 653 3198 statuenda
666 3143 739 3200 suut
752 3158 808 3218 pro
823 3140 1029 3219 collegiorum
1041 3161 1116 3204 euc-

184 3231 321 3307 toritate,
338 3229 438 3308 primo
454 3229 528 3289 sede
538 3230 641 3307 plena,
656 3232 794 3292 secundo
807 3233 1036 3296 sedevacsute.
1070 3261 1073 3272 r

196 3380 199 3386 .
225 3323 405 3404 Capitulum,
429 3320 602 3401 ecclopleno,
626 3326 673 3384 est
686 3329 812 3386 senatus
834 3325 1011 3387 ordinarius
1023 3327 1129 3408 cujus·

182 3416 310 3476 consilio
323 3419 377 3476 aut
388 3418 460 3476 voto
471 3414 635 3492 episcopus
646 3434 700 3476 seu
714 3417 861 3495 praelatus
872 3418 1038 3480 ecclesiam
1053 3421 1116 3482 sibi

183 3506 382 3572 commissam
408 3506 615 3578 adminisbat.
645 3509 734 3570 Unde
759 3510 896 3594 capitula
916 3529 978 3574 non
994 3512 1115 3590 hebent
