2518 4144
302 345 409 392 marce
430 346 583 394 sinemus
604 348 688 396 susis
715 349 868 396 maurici.
1012 333 1052 398 35

120 507 191 550 esse
207 505 332 567 semper
349 487 526 570 subjectum
538 489 616 568 legis
630 489 863 566 ecclesiastieae;
880 491 936 552 sed
946 489 1053 554 diatim

120 601 218 662 guero
230 585 401 660 oportetan
412 581 606 644 universales
617 583 667 644 vel
675 583 1050 664 particularesaintleges.

164 676 195 738 Si
222 674 351 755 quidem
363 674 414 734 lex
427 674 523 736 luerit
533 675 704 754 generalis,
716 675 759 736 illi
774 675 980 756 subjiciantur
991 695 1053 739 nou

120 771 245 831 tantum
260 784 368 828 omnes
384 766 422 827 de
436 767 576 828 Ecclesia
589 767 645 828 sed
662 786 772 830 omnes
786 767 959 830 christiani.
977 771 1053 830 Cum

122 860 209 922 enim
222 878 287 920 una
301 859 341 920 sit
353 859 504 936 Ecclesia,
513 859 620 940 illique
635 879 803 942 nascamur
814 879 878 922 non
890 879 948 940 per
957 865 1054 922 exter·

123 971 198 1014 nam
215 952 385 1032 quamdam
409 951 652 1030 adscriptionem
668 953 845 1030 delebilem,
869 954 925 1016 sed
939 972 998 1033 per
1009 953 1056 1014 in·

124 1045 295 1107 delebilem
318 1044 513 1123 baptismatis
535 1045 751 1108 characterem
769 1046 801 1106 in
817 1045 922 1108 animo
948 1049 1055 1108 nostro

123 1139 330 1218 impressum,
345 1137 419 1199 licet
444 1156 482 1198 ex
504 1137 678 1216 pertinacia
701 1142 808 1200 nostra
829 1139 1057 1200 constituamur

124 1235 214 1292 extra
227 1227 414 1291 catholicam
435 1229 687 1292 communionem
698 1277 706 1308 ,
717 1229 791 1310 jura
805 1231 931 1312 quidem
956 1229 1056 1292 eccle·

124 1322 242 1384 siastici
264 1321 411 1383 consortii
430 1325 596 1400 possumus
617 1321 771 1400 amittere,
793 1323 847 1384 sed
868 1340 930 1384 non
953 1321 1056 1384 officia

126 1415 240 1497 quibus
255 1414 443 1477 detinemur.

166 1507 263 1571 Sicuti
274 1507 357 1568 enim
370 1506 463 1585 filius,
479 1525 507 1568 e.
521 1527 567 1587 g.,
581 1508 613 1569 in
630 1509 824 1570 naturalibus
837 1509 932 1570 hahet
942 1508 973 1568 in
986 1525 1055 1570 san-

124 1602 233 1682 guine,
247 1600 279 1660 in
304 1599 435 1677 ossibus,
454 1601 614 1680 quoddam
638 1601 828 1664 elementum
854 1601 939 1682 quod
953 1600 1055 1680 ipsum

126 1694 252 1757 ordinat
264 1693 305 1754 ad
318 1697 440 1772 patrem
450 1693 556 1773 illique
569 1712 641 1754 eum
651 1693 755 1756 reddit
764 1693 941 1776 subjectum
951 1691 1055 1774 quoad

125 1787 266 1867 corporis
284 1785 383 1847 vitam
399 1785 518 1866 quoda
540 1789 629 1865 patre
654 1787 792 1866 accepit,
809 1786 854 1848 ita
867 1785 1056 1848 christianus
1166 1793 1170 1802 ’

126 1881 225 1942 habet
236 1879 268 1939 in
283 1878 389 1940 anima
410 1897 468 1940 sua
486 1879 645 1957 quoddam
669 1879 787 1941 ordinis
811 1875 1057 1959 supernaturalis

128 1973 319 2034 elementum
333 1970 418 2050 quod
427 1971 589 2033 constituit
602 1990 674 2032 eum
689 1971 865 2052 subjectum
877 1967 1056 2032 auctoritati

128 2065 269 2144 corporis
285 2064 369 2144 quod
379 2082 399 2125 a
410 2061 532 2126 Christo
542 2062 718 2126 institutum
728 2065 826 2126 estad
836 2082 909 2124 eum
920 2063 952 2124 in
962 2063 1057 2123 ssnem

128 2177 222 2222 suum
237 2157 445 2237 dirigendum.
462 2158 634 2236 Propterea
647 2155 728 2217 sieut
741 2156 823 2216 tilius
843 2153 990 2216 vecordia
1001 2170 1059 2214 sua

130 2250 365 2330 domumpatris
376 2248 549 2312 deserendo
558 2252 662 2329 potest
670 2248 814 2312 amittere
820 2245 895 2328 jura
904 2245 970 2323 filii,
981 2263 1059 2308 nun·

130 2362 228 2424 quam
248 2346 353 2405 tamen
370 2346 473 2421 potest
484 2341 609 2407 evenire
625 2345 660 2404 ut
676 2341 794 2405 nonsit
815 2339 951 2420 amplius
964 2336 1057 2416 lilius,

128 2437 180 2498 vel
194 2435 298 2498 officia
312 2435 425 2516 quibus
448 2452 525 2514 erga
537 2437 660 2513 patrem
675 2437 799 2498 tenetur
812 2433 954 2508 amittam
971 2431 1015 2494 sic
1029 2435 1061 2493 et

130 2529 320 2591 christianus
341 2531 443 2607 potest
467 2526 634 2608 quideme
657 2531 799 2590 materno
819 2527 889 2589 sinu
912 2524 1059 2588 Ecclesia

130 2641 200 2685 sese
224 2621 397 2698 retrahere,
412 2619 501 2682 etsie
513 2618 586 2700 jura
597 2619 653 2681 filii
668 2620 822 2698 amittere,
839 2635 1001 2701 nunquam
1013 2621 1061 2679 tu·

130 2734 206 2778 men
218 2714 322 2776 officia
333 2713 388 2774 filii
409 2731 486 2794 erga
506 2711 725 2776 auctoritatem
745 2713 865 2789 matris,
881 2712 986 2788 idest,
1003 2709 1062 2772 Eo·

131 2809 247 2872 clesiae.
265 2809 464 2891 Quapropter
491 2824 600 2868 omnes
614 2805 776 2868 christiani
791 2804 989 2886 generalibus
1003 2804 1063 2866 Ec-

132 2902 237 2964 clesiae
248 2900 371 2980 legibus
384 2898 602 2980 subjiciuntur.

173 2997 226 3058 IV.
252 2993 284 3055 Si
310 2995 416 3053 autem
440 2991 479 3052 de
503 2991 744 3070 particularibus
756 2989 878 3072 legibus
892 3009 995 3054 sermo
1009 2991 1060 3068 sit,

132 3087 177 3150 illi
201 3089 325 3148 tantum
339 3088 486 3148 tonantur
507 3083 560 3164 qui
577 3084 753 3148 auctoritati
768 3085 811 3146 illi
824 3085 1064 3166 subjiciuntura

134 3199 197 3262 quo
219 3180 291 3241 latae
312 3181 386 3240 sunt
403 3178 489 3255 legas
512 3177 583 3240 illae.
607 3177 658 3240 Sic
683 3177 917 3240 connationales
942 3182 1065 3240 tantum

133 3276 292 3349 tenentur,
306 3271 332 3332 si
344 3271 395 3332 lex
409 3270 449 3332 sit
461 3269 544 3332 edita
556 3288 576 3330 a
588 3270 719 3332 concilio
735 3269 901 3346 nationali;
921 3288 1066 3348 compro-

136 3366 296 3442 vinciales,
313 3364 339 3425 si
355 3362 506 3442 asynodo
521 3361 705 3441 provinciali
720 3363 770 3424 vel
784 3364 921 3443 alegate
941 3364 1067 3440 aposto-

134 3459 213 3533 lico;
228 3456 411 3534 dioecesani,
436 3455 462 3516 si
484 3455 611 3518 decreta
625 3457 665 3516 ab
686 3456 832 3538 episcopo
847 3457 898 3518 vel
911 3474 932 3516 a
945 3453 1066 3532 synodo

136 3551 320 3616 dioecesana
330 3551 541 3614 statutasunt.
