2540 4132
226 369 284 430 {00
434 381 664 431 rusrrrurrorns
685 385 767 430 runis
789 351 943 432 cruorum.

225 525 338 607 quibus
349 525 580 603 adscribuntur,
597 529 670 588 sunt
683 531 789 590 tamen
803 529 1008 588 monumenta
1023 546 1098 607 quae
1113 527 1161 590 vel

224 618 256 680 in
280 618 505 680 recentioribus
528 621 740 680 Romanorum
763 619 949 680 Pontificum
965 621 1161 683 consttutio-

225 713 331 789 uibus,
348 713 398 773 vel
412 711 444 770 in
458 712 667 791 quorumdam
681 713 885 774 conciliorum
900 713 1078 774 canonibus
1091 761 1100 790 ,
1112 715 1161 774 vel

223 804 392 883 inscriptis
407 806 535 864 Petrum
556 805 773 883 reperiuntur,
790 805 840 865 vel
862 804 991 866 demum
1000 804 1073 886 jam
1087 825 1161 868 ccn-

224 897 389 973 suetudine
402 897 526 958 invecta
536 897 673 959 fuerunt.

265 993 461 1068 Quapropter
481 990 548 1050 lieri
573 990 674 1068 potuit
703 993 795 1051 aetate
819 989 873 1050 illa
896 993 930 1050 ut
949 990 994 1050 illi
1022 1010 1160 1054 canones

194 1115 196 1121 2
224 1083 341 1162 ubique
350 1081 465 1142 inerint
474 1082 602 1162 recepti,
611 1101 683 1144 curn
691 1081 768 1142 nihil
776 1081 848 1144 novi
859 1081 943 1142 ineis
951 1083 1158 1162 reperiretur,

224 1179 256 1236 et
270 1194 290 1235 a
295 1174 366 1254 jure
379 1173 463 1254 quod
473 1179 549 1237 tunc
558 1175 686 1254 vigebat
697 1175 844 1236 alienum.
854 1177 917 1234 Nec
929 1175 1049 1237 scimus
1061 1178 1160 1238 ullum

224 1267 393 1329 excitatum
404 1267 499 1329 fuisse
515 1286 685 1344 rumorem,
703 1267 763 1328 hac
777 1267 852 1328 data
866 1267 1051 1346 occasione,
1066 1275 1173 1349 prout·
1253 1343 1254 1368 χ

224 1379 348 1440 semper
368 1361 400 1420 iu
421 1361 611 1421 novitatibus
629 1359 776 1439 contigit,
801 1359 860 1420 nisi
882 1361 968 1439 quod
991 1365 1065 1422 orta
1088 1367 1159 1424 sunt
1253 1375 1254 1406 l

224 1453 370 1534 quadam
386 1453 515 1514 dissidia
528 1453 610 1514 inter
628 1451 791 1532 episcopos
803 1453 909 1514 Galliae
924 1453 963 1512 de
979 1453 1029 1514 his
1045 1473 1157 1532 nempe
1253 1461 1254 1480 ¹

223 1563 293 1625 qnae
309 1565 328 1606 a
341 1545 594 1626 pseudo-Isidoro
610 1545 693 1606 circa
703 1563 814 1606 causas
825 1545 1022 1626 episcopales
1034 1546 1157 1609 invecta
1253 1545 1254 1606 l

223 1639 358 1701 fuerant.
1109 1646 1112 1656 '

263 1732 325 1794 Sed
339 1732 371 1790 in
385 1732 506 1793 caeteris
522 1732 666 1794 omnibus
681 1751 738 1811 per
749 1735 809 1794 700
824 1733 889 1792 fere
911 1752 1027 1811 annos,
1044 1753 1156 1813 nempe

223 1843 322 1902 usque
333 1824 373 1884 ad
385 1823 524 1884 medium
537 1825 642 1885 saeculi
654 1827 719 1902 XV,
731 1825 872 1887 collectio
887 1825 1064 1887 isidoriana
1074 1828 1154 1906 paci-

223 1917 281 1976 fice
296 1915 449 1995 regnavit,
463 1917 682 1978 auctoritatem
694 1917 804 1979 habuit
815 1921 967 1997 tanquam
977 1938 1090 1980 veram
1099 1920 1156 1980 col-

222 2008 400 2070 lectionem.
418 2011 484 2070 Hac
504 2013 606 2087 aetate,
621 2010 788 2070 cardinalis
804 2012 944 2072 (lucanus
959 2011 992 2070 in
1007 2011 1096 2074 libro,
1107 2015 1158 2074 111⁰
1253 2043 1254 2094 p

204 2108 287 2164 'suae
310 2103 493 2164 Concordiae
519 2103 680 2164 catholicae
702 2103 846 2164 fraudem
871 2103 1079 2164 isidorianam
1106 2106 1158 2166 de·
1253 2095 1254 2118 ¹

221 2195 312 2258 texit.
340 2199 459 2258 Tamen
480 2195 666 2257 Hincmarus
686 2195 887 2273 RhomensiS‚
906 2196 959 2276 qui
978 2197 1156 2259 decretales

221 2289 253 2350 iu
275 2290 335 2350 hac
361 2289 543 2350 collectione
567 2289 726 2366 detentas,
743 2291 851 2367 utpote
875 2289 932 2350 sihi
958 2290 1155 2352 adversarias

221 2381 252 2441 in
268 2399 363 2441 causa
378 2399 473 2460 quam
491 2379 628 2442 habebat
651 2399 722 2442 curn
741 2381 908 2442 Hinomaro
928 2383 1150 2460 Laudunensi‚

221 2471 317 2550 coepit
338 2491 486 2551 respuere
506 2473 538 2532 id
561 2491 652 2534 omne
672 2475 756 2553 quod
774 2473 804 2534 in
828 2475 1079 2537 codicccooocum
1093 2496 1153 2539 non
1253 2555 1254 2570 χ

220 2563 445 2643 reperiebatur.
1067 2646 1068 2650 η
1253 2639 1254 2662 ¹

261 2659 381 2720 Saeculo
399 2661 506 2720 autem
516 2661 608 2736 xvc,
625 2659 850 2722 centuriatores
865 2661 1153 2742 Magdeburgenses
1253 2683 1254 2730 ς

219 2754 438 2829 protestantes
452 2770 530 2832 quos
549 2751 581 2812 in
596 2751 656 2813 hoc
671 2751 875 2832 jansenistica
894 2753 1004 2814 schola
1032 2755 1153 2816 saeculis
1253 2749 1254 2816 l

219 2844 421 2922 sequentihus
433 2845 521 2924 sequi
536 2863 599 2906 non
614 2845 718 2906 renuit
729 2891 736 2922 ‚
748 2846 847 2906 multa
857 2845 951 2926 hujus
961 2847 1153 2910 collectionis
1253 2861 1254 2868 ’

123 2951 124 2954 ’
219 2935 382 2996 occasione
415 2937 651 2999 blateravernnt
673 2937 739 2998 sedi
764 2939 943 3016 apostolicae
965 2939 1150 3019 injuriosa:
1253 2937 1254 2962 ³

218 3028 279 3090 hoc
290 3028 373 3090 enim
383 3030 512 3108 genium
523 3031 657 3092 falsandi
668 3035 873 3092 monumenta
883 3031 1080 3111 antiquitatis
1088 3034 1151 3095 sedi

218 3121 396 3201 apostolicae
407 3123 594 3200 tribuerunt,
606 3127 759 3202 tanquam
772 3123 797 3184 si
812 3123 865 3184 illa
878 3143 935 3202 per
949 3124 1151 3188 hanccollec

216 3215 334 3277 tionem
345 3214 419 3294 jura
441 3234 499 3277 sua
520 3215 687 3277 extendere
712 3211 885 3292 voluistet,
908 3219 939 3278 et
955 3233 1150 3296 reapse‘am-

217 3309 394 3388 pliiieasset.

256 3403 308 3464 IX.
332 3402 422 3464 Unde
446 3403 504 3463 hac
526 3401 612 3462 inre
635 3403 698 3463 dna
726 3401 923 3464 theoremata
944 3404 1087 3482 practica
1115 3425 1151 3466 ex

217 3494 307 3554 dictis
322 3493 426 3573 colligi
439 3497 571 3572 possunt
586 3513 592 3554 :

260 3583 360 3644 Conon
377 3587 402 3645 l.
420 3584 567 3646 collectio
587 3585 779 3661 isidoriana,
796 3588 821 3646 si
837 3591 995 3666 spectetur
1020 3590 1150 3652 scientia
1253 3599 1254 3616 ¹
