2540 4132
310 361 417 411 101111
438 363 591 412 sreorsms
611 363 695 412 rums
717 365 872 413 0111011111.
999 353 1057 416 123

117 506 270 569 videlicet
287 525 324 568 ex
348 527 387 568 eu
411 511 589 571 sumeretur
603 509 727 571 occasio
743 509 920 570 declinandi
944 529 964 571 e
985 529 1057 572 con-

120 601 186 662 cilii
201 600 374 662 Tridentini
386 602 570 664 canonibus.
594 606 704 684 Itaque
730 603 841 664 unicus
862 603 974 666 codcx'
979 604 1058 685 juris

121 693 285 756 novissimi
298 693 357 754 fuit
372 695 470 755 codex
484 696 696 758 Tridentium.

162 789 201 849 11.
226 790 291 848 Hoc
306 791 412 849 tamen
427 807 489 848 non
503 790 664 868 prohibuit
682 789 850 869 quominus
870 789 986 852 eruditi
1002 789 1061 850 viri

121 880 308 959 colligendis
343 883 555 943 monumentis
583 881 664 963 juris
697 883 900 944 ecclesiastici
931 901 1060 962 operam

121 974 247 1034 darent.
272 975 337 1035 Imc
360 974 420 1035 hoc
439 975 653 1054 praestiterunt
674 979 706 1037 et
725 975 880 1038 selection'
900 975 1009 1038 critica
1030 979 1062 1036 et

121 1065 307 1145 elegantiori
330 1067 439 1128 ordine
466 1087 503 1129 ao
527 1069 676 1130 methodo
699 1087 795 1150 quam
818 1070 903 1150 quod
922 1069 1062 1132 fecerant

119 1162 256 1220 veteres.
282 1159 314 1220 Si
338 1160 422 1220 enim
437 1161 600 1225 demamus
612 1162 738 1223 unicam
758 1162 975 1224 collectionem
991 1179 1061 1243 queo

122 1252 184 1313 sub
204 1251 329 1312 nominc
350 1252 480 1334 Septimi
494 1254 703 1329 decretalium,
716 1253 807 1336 jussu
823 1255 900 1318 Sixti
916 1257 943 1318 V
957 1254 1061 1316 Ponti-

122 1344 202 1420 ficis,
221 1363 290 1424 qua
316 1345 457 1408 collectio
482 1347 629 1426 producit
649 1349 829 1410 Decreteles
846 1351 1059 1410 Romanorum

123 1437 311 1500 Pontificum
326 1441 476 1519 usquead
488 1440 763 1518 sncivcempora,
778 1441 927 1504 methodo
940 1445 1062 1503 retentu

124 1530 279 1592 consimili
290 1531 333 1591 illi
349 1551 419 1611 qua
431 1537 559 1612 recepta
568 1533 627 1594 luit
636 1533 667 1594 in
683 1533 819 1614 antiquis
827 1534 1061 1596 collectionibus

124 1623 353 1698 Decretalium;
371 1625 396 1685 si
412 1626 576 1688 domamus
592 1627 675 1687 hanc
689 1627 815 1688 unicum
831 1627 1059 1702 collectionem,

124 1716 196 1777 aliae
207 1735 316 1778 omnes
330 1737 399 1798 quae
411 1719 592 1795 lactaesunt,
606 1738 669 1780 uon
681 1719 814 1799 amplius
824 1719 930 1782 decisa
939 1723 1062 1781 tantum

123 1810 303 1888 fragmenta
323 1815 610 1889 monumentorum,
637 1812 693 1873 sed
716 1813 839 1894 integra
857 1815 1063 1875 monumenta

123 1903 243 1963 referre
267 1908 425 1966 curarunt.
450 1908 518 1966 Non
540 1906 675 1985 amplius
698 1907 841 1966 ordinem
860 1925 978 1984 rerum,
1005 1904 1061 1965 sed

126 1994 271 2056 ordinem
287 1995 544 2077 chronologicum
568 2017 663 2078 quem
685 1998 871 2060 vetustiores
892 2017 1062 2078 usurpave-

125 2091 199 2148 rant
214 2087 407 2168 collectores,
422 2095 600 2154 restaurare
616 2111 678 2152 non
690 2091 921 2152 dubitaverunt.
932 2091 1062 2168 'relique

125 2179 270 2242 instituta
290 2183 438 2245 methodo
463 2189 614 2246 curarunt
637 2183 727 2245 nobis
748 2184 889 2264 prolerre
910 2181 1063 2263 quidquid

125 2277 404 2336 monumentorum
418 2277 700 2339 ceclesiasticorum
714 2275 852 2356 potuerit
860 2273 1000 2355 reperiri.

166 2369 265 2427 Porro
299 2367 478 2449 hujusmodi
499 2372 699 2432 collectiones
726 2369 926 2446 recentiores,
948 2367 1063 2430 intres

126 2458 498 2541 classespossuntdividi,
511 2482 568 2542 pro
582 2464 733 2526 varietate
745 2461 958 2543 subjectorum
967 2463 1063 2524 eccle-

125 2551 263 2612 siasticae
288 2555 483 2617 auctoritatis
504 2575 638 2636 quorum
659 2555 776 2635 placita
788 2555 935 2635 colligere
960 2555 1064 2617 volue-

126 2647 212 2705 runt.
234 2647 314 2707 Nam
329 2651 362 2708 10
377 2649 429 2710 alii
443 2649 646 2710 intenderunt
661 2648 843 2728 colligendis
856 2647 1064 2710 decretalibus

127 2735 315 2816 pontificiis,
349 2761 404 2802 seu
430 2741 596 2821 pontificiis
629 2741 902 2804 constitutionibus
935 2759 1065 2820 operam

128 2828 207 2888 dare
225 2850 231 2890 :
249 2831 323 2894 inde
339 2835 527 2913 prodierunt
547 2835 701 2909 Bullaria;
726 2839 760 2896 2⁰
786 2834 837 2894 alii
865 2835 1066 2896 intenderunt

128 2921 279 3000 colligere
299 2945 435 2987 canones
460 2931 491 2988 et
506 2932 594 2989 actus
616 2927 820 2990 conciliorum
837 2947 843 2989 :
860 2927 932 2988 inde
947 2929 1066 2990 Collec-

129 3011 234 3074 tiones
249 3019 468 3094 conciliorum;
481 3024 515 3082 3⁰
530 3021 582 3082 alii
605 3021 809 3082 intenderunt
823 3021 969 3101 colligere
984 3022 1066 3082 deci-

128 3104 235 3166 siones
266 3129 322 3170 seu
357 3113 563 3175 resolutiones
592 3115 818 3193 supremorum
851 3115 1066 3177 Tribunalium

129 3199 415 3266 ecclesiasticorum
427 3226 496 3286 quae
512 3206 685 3268 secundum
697 3208 750 3288 jus
764 3207 983 3269 Tridentinum
994 3207 1066 3266 lates

130 3299 219 3372 sunt3
239 3295 313 3358 inde
335 3299 541 3378 prodierunt:
565 3301 769 3364 collectiones
784 3301 849 3362 sive
874 3299 1068 3362 decisionum
1173 3303 1175 3316 '

130 3410 230 3454 sacrae
259 3393 358 3453 aocae'
376 3395 538 3471 Romana,
564 3394 629 3456 sive
655 3393 941 3476 congregationum
966 3390 1069 3452 cardi-

129 3485 264 3547 natium.
