2540 4132
207 383 266 442 122
415 395 645 442 nsnrcrrores
665 397 749 442 imis
770 393 925 441 cmorrcr.

248 537 322 599 Con.
341 539 378 599 II.
404 541 528 618 Legalis
550 539 837 600 autemauctoritas
859 535 1142 617 Extravagantium

207 637 275 692 tum
296 632 427 693 Ioannis
448 635 543 710 XXII,
569 639 636 694 tum
660 633 885 707 communium,
915 631 1002 690 nulla
1031 633 1090 706 est,
1118 629 1142 690 si

208 725 425 786 tantummodo
435 725 467 784 in
480 726 590 786 ordine
603 727 644 786 ad
658 724 838 806 hujusmodi
852 723 1052 784 collectiones
1068 741 1144 784 con-

208 817 378 890 sideretur;
393 818 448 878 sed
459 837 532 878 cum
541 823 685 880 constent
693 817 838 897 genuinis
847 821 878 878 et
890 816 1021 876 sinceris
1032 835 1143 877 mouu-

208 911 333 986 mentis,
341 911 498 971 communi
510 912 690 973 scholarum
698 916 729 972 et
736 909 929 992 judiciorum
936 927 995 969 usu
1006 912 1142 987 receptae

208 1007 292 1066 sunt.

576 1152 706 1212 CAPUT
727 1153 778 1212 lII.

512 1326 550 1369 nu
564 1325 639 1369 iuna
661 1324 834 1370 rorissruo.

246 1469 270 1529 I.
289 1471 408 1530 Novam
424 1469 643 1530 collectionum
656 1468 736 1549 juris
752 1467 953 1528 ecclesiastici
976 1465 1142 1546 perfodum

206 1561 309 1637 aperit
334 1563 502 1624 concilium
525 1562 757 1637 Tridentium,
795 1561 879 1640 quod
912 1579 994 1620 anno
1021 1563 1098 1620 1545
1123 1577 1143 1618 a

207 1653 304 1714 Paulo
316 1656 356 1715 III
371 1659 588 1730 convocatum,
601 1674 621 1715 a
634 1655 716 1716 Julio
733 1655 774 1715 III
785 1654 1012 1729 contionatum,
1028 1652 1142 1712 deinde

208 1745 267 1804 sub
279 1745 334 1805 Pio
349 1748 402 1821 lv,
419 1765 492 1807 ann.
510 1750 598 1823 1563,
615 1751 653 1808 25
666 1747 855 1808 sessionibus
873 1745 1005 1807 feliciter
1017 1745 1143 1806 absolu·
1262 1769 1263 1788 1

208 1841 276 1896 tum
287 1841 344 1898 est.
359 1840 439 1898 Nam
448 1839 576 1900 decreta
593 1858 663 1919 quae
678 1838 859 1918 hujusmodi
874 1838 1043 1900 concilium
1060 1857 1143 1899 oecu-

208 1928 367 1990 menicum
393 1932 522 2009 protulit
542 1936 610 1994 tum
633 1933 738 2012 quoad
768 1935 890 2010 partem
915 1931 1139 2010 dogmaticam,

209 2026 277 2083 tum
296 2023 401 2102 quoad
415 2029 537 2103 partem
553 2025 797 2104 disciplinam,
813 2025 859 2085 ita
872 2023 1079 2104 sequentibus
1103 2026 1138 2084 R.

210 2116 411 2178 Pontificibus
421 2118 489 2180 visa
497 2123 570 2180 snut
577 2123 766 2198 opportuna,
775 2122 842 2179 tum
853 2118 894 2178 ad
900 2118 1036 2178 baereses
1047 2135 1142 2178 nova-

209 2214 315 2272 torum
323 2212 571 2288 confundendas
584 2216 652 2272 tum
667 2211 708 2271 ad
718 2211 834 2271 abusus
845 2211 1037 2272 coercendos
1049 2209 1142 2270 disci-

210 2303 303 2380 plina*
318 2305 547 2382 ecclesiasticae,
566 2308 599 2365 ut
619 2304 833 2383 potiusquam
850 2303 938 2364 novis
953 2304 1142 2363 elucubran-
1263 2355 1264 2384 3

210 2394 258 2453 dis
273 2395 508 2457 collectionibus
520 2416 650 2476 operam
663 2396 785 2472 darent,
795 2396 983 2456 studuerunt
992 2395 1140 2475 legitImae

209 2485 456 2565 interpretationi
467 2490 655 2550 etcustodiae
669 2507 859 2568 eorumquae
871 2488 997 2550 inTrid.
1011 2485 1141 2548 delinita

210 2584 293 2642 sunt.

250 2675 339 2737 Unde
353 2669 467 2736 scimus
484 2674 587 2753 ipsum
599 2675 689 2735 Pium
703 2677 743 2737 IV
757 2674 952 2736 constItuisse
968 2675 1141 2753 quamdam

211 2767 488 2845 congregationem
499 2767 705 2829 cardinalium
715 2787 771 2847 pro
788 2767 931 2828 custodia
945 2785 1056 2828 eorum
1072 2785 1142 2848 quae

210 2859 242 2918 in
265 2877 353 2918 conc.
377 2859 462 2920 Trid.
484 2861 605 2921 sancita
619 2867 706 2938 suut,¹
723 2861 773 2921 cui
789 2861 893 2922 Siutus
913 2862 939 2918 V
958 2861 1142 2922 facultatem

211 2951 305 3013 etiam
320 2951 546 3030 interpretandi
563 2953 729 3014 concilium
742 2954 882 3015 contulit.

250 3046 448 3123 Quapropter
468 3045 493 3106 si
508 3048 754 3126 praescindamus
773 3047 945 3126 aquodam
960 3049 1014 3108 Vll
1030 3049 1142 3108 Decre-
1263 3075 1264 3078 ¹

210 3137 320 3200 talium
335 3139 419 3218 quod
434 3158 621 3218 componere
632 3141 801 3206 mchtatus
816 3143 863 3200 est
879 3140 1048 3218 Gregorius
1059 3141 1140 3214 XIII,

209 3229 340 3312 perfecit
359 3230 463 3292 Sixtus
483 3233 520 3309 V,
543 3232 670 3292 demum
693 3233 791 3295 edidit
814 3233 957 3294 Clemens
981 3233 1061 3308 VIII,
1084 3232 1142 3292 sub

210 3325 336 3387 nomine
348 3322 479 3404 Septimi
486 3323 695 3402 Decretoliom,
712 3326 798 3387 nulla
819 3326 881 3386 alia
900 3325 959 3386 fuit
981 3343 1039 3404 per
1061 3325 1143 3384 hauc

201 3419 375 3497 ,periodum
389 3417 541 3478 canonica
554 3419 707 3496 collectio,
732 3437 801 3499 quae
824 3419 902 3497 Iegis
924 3417 1144 3480 auctoritatem

210 3511 354 3571 obtinuit.
381 3512 446 3570 lmo
468 3511 537 3569 baec
556 3509 623 3588 ipsa
642 3511 747 3572 statim
769 3531 805 3572 ac
829 3511 932 3572 edicta
945 3511 1014 3588 fuit,
1031 3510 1142 3571 cadem

212 3601 398 3663 auctoritate
420 3601 597 3680 pontificia,
622 3602 802 3676 immediate
824 3621 992 3684 suppressa
1011 3603 1079 3680 fuit,
1104 3622 1142 3664 na
