2542 4122
414 295 454 342 ns
475 295 603 342 opsecro
624 295 707 342 sums
729 295 885 342 cenoman
1059 281 1117 342 225

226 439 257 499 3⁰
278 436 357 499 Hinc
378 437 493 516 officio,
516 438 691 518 generatim
705 437 882 518 loquendo,
900 437 1057 500 adnexum
1072 441 1120 502 est

185 530 366 592 exercitium
376 530 472 592 totius
480 531 707 611 jurisdictionis
715 531 911 610 episcopalis.
923 533 1120 610 Quapropter

186 624 253 684 haee
267 623 337 701 ipsa
345 622 521 702 jurisdictio
534 629 565 686 et
574 624 751 705 jurisdictio
766 623 875 685 vicarii
889 624 1045 703 generalis
1055 643 1117 685 non

187 715 435 794 distinguuntur,
463 717 638 795 generatim
662 735 786 796 semper
805 717 983 796 loquendo,
1006 716 1064 778 nisi
1086 716 1118 778 in

187 810 339 887 quantum
354 809 439 888 quod
453 809 618 889 episeopus
632 810 728 872 habet
742 809 868 871 nomine
881 809 1020 889 proprio,
1034 809 1119 871 vica-

186 901 252 962 rius
267 904 373 962 autem
390 902 515 964 nomine
539 903 691 984 episcopi,
718 903 882 982 episcopus
897 901 1117 981 originariam,

187 992 322 1054 vicarius
337 993 525 1073 delegatam.

227 1085 316 1148 Unde
332 1103 526 1168 consequens
541 1091 589 1148 est
611 1088 695 1168 quod
712 1087 850 1150 tribuual
863 1087 1001 1167 episcopi
1016 1090 1048 1149 at
1064 1087 1120 1149 tri-

187 1179 283 1239 hunal
295 1179 404 1240 vicarii
419 1180 574 1259 generalis
584 1200 646 1242 non
657 1180 891 1259 distinguuntur
903 1181 935 1240 in
947 1180 1031 1262 jure,
1046 1180 1120 1260 quia

188 1270 323 1332 vicarius
344 1271 446 1350 ipsam
460 1259 665 1352 repraesentat
676 1291 843 1353 personam
855 1273 1004 1352 episcopi.
1021 1271 1120 1334 Juris·

190 1362 284 1424 dictio
299 1363 462 1444 utriusque
472 1365 692 1428 identificatur.
707 1365 796 1428 Unde
809 1365 835 1426 si
850 1365 1060 1445 suspendatur
1070 1365 1118 1426 vel

191 1456 353 1518 amittatur
362 1457 538 1538 jurisdictio
553 1459 702 1538 episcopi,
719 1457 867 1536 suspendi
882 1459 931 1519 vel
946 1457 1045 1520 amitti
1066 1477 1121 1518 nc·

190 1566 275 1609 cesse
300 1554 347 1612 est
365 1550 541 1631 jurisdictio
561 1551 668 1613 vicarii
689 1550 855 1630 generalia.
881 1550 970 1612 Unde
995 1553 1119 1611 mortuo

191 1639 347 1722 episcopo,
361 1648 462 1706 cessat
474 1644 600 1706 omnino
612 1643 789 1725 jurisdictio
799 1642 907 1704 vicarii
922 1641 1089 1721 generalis.

228 1739 260 1794 4⁰
282 1736 344 1797 Sed
354 1737 427 1798 licet
437 1736 768 1816 generalitervicarius
780 1739 984 1815 repraesentet
995 1733 1121 1795 univer-

189 1845 257 1886 sam
272 1828 409 1908 episcopi
423 1829 689 1909 jurisdictionem,
710 1848 781 1890 earn
795 1833 901 1890 tamen
916 1829 1122 1907 repraesentat

189 1919 322 1982 limitato
337 1923 444 2000 modo,
462 1925 617 2002 quatenus
632 1922 782 1983 nonnulla
797 1920 986 1999 episcopalis
1001 1919 1075 1999 jura
1089 1917 1121 1977 in

189 2013 293 2090 specie
307 2033 369 2076 non
385 2019 552 2077 censentur
572 2015 645 2075 huic
663 2014 785 2074 muneri
801 2013 952 2073 mandata
970 2012 1036 2072 sine
1052 2027 1123 2089 spe·

190 2105 260 2166 ciali
273 2107 481 2187 delegatione.
493 2109 572 2169 Sunt
584 2111 690 2168 autem
700 2106 768 2166 haec
779 2105 853 2186 jura
861 2105 963 2182 plura,
976 2101 1124 2182 graviora

190 2201 221 2258 et
234 2200 441 2261 eminentiora
458 2219 528 2280 quae
544 2200 640 2260 hahet
654 2198 818 2278 episcopus
832 2197 864 2256 in
877 2195 1023 2271 dioecesi,
1052 2212 1123 2276 quse

189 2295 224 2352 ut
246 2293 445 2355 transfundat
467 2293 584 2354 vicario
609 2291 769 2372 generali,
794 2288 929 2370 speciale
953 2287 1124 2367 requiritur

189 2385 374 2448 mandatum
392 2407 399 2448 ε

230 2478 319 2549 Quod
333 2479 378 2541 sio
395 2480 577 2556 sustinetur,
591 2481 626 2539 ut
639 2476 761 2539 etiarnsi
778 2475 942 2556 episcopus
964 2474 995 2534 in
1012 2473 1124 2536 litteris

190 2571 418 2634 const'tutionis
433 2573 479 2633 sui
501 2571 609 2634 vicarii
632 2573 821 2650 protestatus
836 2568 876 2629 sit
893 2567 936 2626 illi
958 2565 1124 2626 mandasse

191 2681 300 2725 omnes
320 2665 389 2726 illas
403 2666 568 2726 facultates
583 2681 652 2744 quse
665 2661 850 2722 mandatum
870 2657 1004 2738 speciale
1019 2656 1124 2736 requi·

190 2759 278 2832 runt,
300 2759 438 2820 subhac
459 2763 565 2820 tamen
583 2756 723 2819 clausula
746 2772 809 2814 non
833 2750 1048 2831 intelliguntur
1062 2749 1120 2812 nisi

191 2847 251 2910 illae
262 2851 425 2912 facultates
436 2870 505 2934 quae
517 2853 589 2912 sunt
601 2849 738 2928 aequales
747 2847 797 2906 vel
806 2845 944 2906 minores
954 2843 1117 2923 expressis,

190 2958 353 3022 uunquam
368 2949 474 3006 autem
488 2961 558 3024 quae
577 2941 723 3021 majores.
741 2939 827 2999 ldem
843 2936 1022 3000 verificatur
1039 2935 1121 3014 prin·

190 3033 326 3113 cipium,
343 3042 378 3098 ut
392 3036 534 3117 superius
549 3035 668 3096 dictum
683 3036 744 3108 est,
766 3031 798 3090 in
813 3030 915 3092 officio
928 3029 1023 3109 legati
1041 3049 1047 3088 :
1065 3027 1123 3087 sub

189 3129 330 3205 generali
350 3131 499 3191 mandato
515 3147 578 3190 non
591 3127 722 3188 veniunt
736 3125 790 3185 illa
803 3141 873 3203 quae
894 3121 1021 3202 speciali
1043 3117 1125 3179 indi-

190 3225 267 3298 gent
282 3225 451 3285 mentione.

230 3321 262 3378 5⁰
284 3319 350 3379 Hoc
374 3317 512 3378 officium
537 3333 600 3376 non
623 3315 672 3374 ast
686 3313 889 3392 perpetuum,
918 3305 974 3368 sed
999 3301 1127 3365 omnino
1169 3339 1172 3344 ·

190 3412 442 3488 temporaneum,
456 3407 497 3470 ad
514 3407 664 3488 placitum
680 3402 834 3484 episcopi,
857 3399 910 3480 qui
923 3396 1013 3458 sicuti
1025 3398 1129 3475 potest

190 3503 486 3584 vicariumeligere,
500 3502 550 3563 vel
565 3519 639 3576 non,
654 3515 752 3560 unum
767 3495 818 3555 vol
829 3493 945 3572 plures,
962 3490 1007 3552 ite
1021 3491 1124 3569 potest

991 3595 1037 3652 l3*
