2540 4132
185 333 243 398 {84
300 399 302 404 ,
395 337 624 393 lnsrlrumorms
645 343 728 389 tonis
752 343 906 389 canorum.

187 493 421 573 presbyteratus
436 489 552 569 gradus
566 489 660 549 fuisse
673 487 849 548 institutum
862 490 892 548 et
902 486 1123 562 minister-hun,

188 607 244 648 seu
255 585 398 646 ordinem
413 582 626 642 ministrorum
642 581 694 661 qui
713 580 867 658 episcopis
882 584 914 640 et
931 580 1127 659 presbpteris

188 680 220 740 in
235 675 543 746 sacrisinservirent;
562 675 622 735 hoc
641 675 716 734 item
736 673 944 734 ministerium
965 673 1060 733 fuisse
1085 674 1128 732 ab

190 771 337 852 apostolis
351 770 499 830 collatum
515 768 664 844 diaconis,
683 767 735 847 qui
751 770 919 845 propterea
940 766 972 825 in
990 767 1129 844 plenitu-

191 866 300 927 dinem'
311 862 404 942 hujus
416 861 578 921 ministerii
595 860 746 938 assumpti
759 863 841 920 sunt.

232 957 293 1020 Sed
306 955 365 1015 hoe
378 954 581 1015 diaconorum
595 953 802 1020 ministerium
815 971 878 1012 non
892 951 1083 1012 consistebat
1095 951 1128 1010 in

192 1048 324 1112 materia
336 1047 380 1108 ita
393 1046 555 1107 individua
571 1046 649 1106 utin
665 1045 818 1124 quosdam
838 1045 957 1124 gradus
979 1043 1129 1120 distingui

194 1163 256 1204 non
272 1144 387 1220 posset.
408 1140 501 1199 Plura
519 1138 806 1216 comprehendebat
827 1137 941 1214 officia,
961 1137 1022 1197 aha
1039 1137 1131 1196 nobi-

193 1236 282 1312 liora,
295 1233 356 1295 alia
370 1233 529 1308 inferiora,
541 1231 644 1310 prouti
659 1231 759 1309 magis
773 1231 822 1290 vel
838 1229 943 1291 minus
955 1230 1129 1290 ministerio

195 1329 414 1406 episcoporum
428 1325 478 1386 vel
491 1323 745 1403 presbyterorum
760 1323 934 1384 accederet.

236 1422 433 1498 Quapropter
456 1417 612 1493 Ecclesia,
644 1417 708 1478 sive
736 1420 770 1477 ut
794 1417 915 1478 levaret
937 1415 1131 1476 laboriosum

197 1513 402 1574 diaconorum
424 1511 572 1587 officium,
600 1505 887 1588 aucto'praesertim
907 1510 1050 1570 fidelium
1078 1529 1132 1568 nu-

197 1623 284 1666 mero
300 1651 308 1681 ,
325 1605 390 1665 sive
402 1608 438 1665 ut
449 1608 541 1665 aucto
556 1603 704 1664 clericatu
716 1603 911 1682 prospiceret
924 1603 1132 1664 commodiori

198 1696 361 1776 magisque
386 1696 508 1757 decorae
532 1715 694 1757 sacrorum
718 1696 992 1773 administrationi,
1015 1696 1080 1756 sive
1100 1697 1134 1754 ut

198 1787 362 1850 inferiores
377 1788 506 1849 elericos
518 1789 615 1849 veluti
644 1807 701 1867 per
714 1789 873 1868 quoddam
890 1789 1072 1850 tirocinium
1094 1788 1135 1848 ad

200 1882 401 1943 diaconatum
414 1885 445 1942 et
462 1900 519 1961 per
541 1901 614 1942 eum
637 1882 677 1942 ad
699 1883 874 1960 superiores
898 1882 1067 1961 disponere
1092 1882 1137 1941 in-

200 1977 353 2053 tenderet,
369 1975 460 2055 plura
482 1975 584 2036 officia
603 1994 673 2056 quae
697 1975 728 2035 in
752 1975 819 2054 ipso
839 1976 1047 2037 diaconorum
1069 1975 1138 2037 offi-

202 2071 249 2132 cio
269 2069 626 2150 comprehendebantur,
650 2069 760 2129 abillo
785 2069 938 2148 excerpsit
962 2073 994 2130 et
1012 2069 1044 2128 in
1061 2069 1138 2128 inte-

202 2165 300 2226 riores
315 2163 469 2245 quosdam
481 2162 597 2242 gradus
612 2161 760 2224 distinxit.

242 2258 331 2320 Unde
359 2258 578 2318 remanserunt
606 2255 733 2334 quidem
764 2255 887 2316 diaconi
911 2256 1046 2318 ministri
1073 2260 1140 2316 κατ’

204 2355 305 2430 stupor
331 2351 384 2429 qui
400 2368 513 2428 nempe
528 2348 620 2428 primi
634 2353 737 2410 essent
750 2349 832 2410 inter
846 2367 966 2426 omnes,
982 2350 1035 2429 qui
1051 2351 1085 2409 in
1107 2369 1140 2411 se

205 2442 507 2522 comprehenderent
521 2442 694 2503 eminenter
704 2443 809 2503 emnia
819 2461 888 2522 quae
899 2443 931 2502 in
939 2443 1142 2505 inferioribus

205 2535 368 2598 ministerii
392 2535 542 2615 gradibus
565 2535 772 2597 habebantur.
807 2536 869 2598 Sed
897 2535 948 2596 alii
978 2537 1143 2599 inferiores

206 2631 310 2692 clerici
321 2630 353 2690 in
370 2628 608 2709 participatione
629 2629 792 2691 ministerii
805 2629 977 2691 diaconalis
992 2631 1142 2710 adscripti

207 2728 288 2785 sunt.
490 2801 492 2806 Ι

247 2818 313 2876 Hoc
327 2815 515 2894 principium
531 2816 720 2895 generaliter
736 2821 896 2894 sumptum
922 2821 1055 2896 utraque
1077 2837 1143 2878 am-

208 2908 300 2988 plexa
311 2912 357 2968 est
368 2909 524 2982 Ecclesia;
541 2908 642 2969 sedin
661 2909 906 2971 determinandis
920 2910 969 2971 his
990 2911 1142 2990 gradibus

209 3001 384 3063 diaconatui
406 3001 615 3079 inferioribus,
641 3001 764 3081 longius
785 3004 1053 3082 computationem
1070 3022 1143 3082 pro-

210 3095 304 3160 traxit
313 3095 411 3156 latina
425 3114 519 3175 quam
542 3114 656 3174 graeca.
674 3098 735 3156 Ista
748 3096 827 3156 duos
848 3101 970 3158 tantum
984 3095 1143 3156 recensuit

210 3191 303 3272 hujus
319 3189 473 3249 inferioris
494 3188 656 3250 ministerii
676 3190 804 3269 graduS,
827 3190 881 3251 illa
901 3209 976 3251 vcro
991 3190 1142 3269 quinque,

211 3301 345 3365 quorum
360 3281 627 3343 enumerationem
640 3301 735 3362 supra
746 3283 942 3344 tradidimus.

250 3379 301 3438 111.
320 3376 382 3438 Sed
392 3393 500 3437 omnes
510 3375 560 3436 isti
572 3376 689 3455 gradus
699 3375 861 3436 ministerii
877 3376 908 3435 in
930 3379 1053 3436 tantum
1065 3375 1145 3434 tales

211 3469 376 3544 habentur,
393 3469 425 3528 in
438 3473 590 3547 quantum
602 3468 641 3526 de
656 3469 848 3545 plenitudine
863 3466 1025 3527 ministerii
1040 3467 1145 3527 diaco·

214 3558 292 3616 natis
305 3561 502 3640 participant,
524 3564 675 3640 tanquam
692 3561 749 3624 rivi
764 3561 813 3622 vel
828 3560 942 3623 surculi
959 3559 1011 3642 qui
1034 3579 1073 3620 ex
1092 3559 1145 3628 illo
