2542 4122
368 377 407 425 nn
428 377 558 426 obsecro
578 377 662 426 sous
684 377 841 427 circuiri.
1013 367 1071 430 2¹13

134 541 190 586 ees
201 525 377 606 recipiebat
390 523 511 586 libellos
523 524 573 584 vel
584 523 778 600 restituebat,
803 543 841 584 ue
853 525 951 586 nimia
964 526 1072 606 populi

132 618 313 698 frequentia
327 617 524 679 obrueretur.
537 616 637 678 Hodie
647 635 723 678 vero
735 617 810 678 huic
821 617 944 679 muneri
958 624 1073 698 praest

133 711 307 772 secretaria
318 707 548 787 memoralium,
560 712 593 770 et
601 709 739 771 officium
751 711 854 789 potius
868 713 915 772 est
924 711 1071 790 expedire

132 803 265 882 negotia
274 803 329 864 ills
338 819 408 882 quae
422 801 454 862 iu
466 801 649 864 consistorio
660 802 868 864 cardinalium
881 803 1074 865 deliniuntur

133 913 270 975 querque
285 913 343 974 per
361 895 439 956 aiom
459 893 605 956 bellorum
619 895 758 974 expediri
771 896 882 957 solent.
898 896 944 957 llli
959 900 1074 975 praeest

132 987 315 1065 cardinalis,
333 988 387 1067 qui
401 990 475 1048 tunc
489 1005 553 1048 non
568 987 784 1064 cancellarius,
796 988 852 1049 sed
869 989 1074 1050 vicecancella-

131 1079 199 1140 rius
213 1079 338 1156 dicitur,
355 1080 444 1160 isque
459 1079 668 1160 coadjuvatur
681 1099 701 1140 a
714 1081 856 1159 pluribus
866 1081 1004 1160 praeletis
1017 1100 1072 1143 seu

135 1172 260 1234 clericis
276 1171 332 1252 qui
352 1172 587 1252 distinguuntur
607 1172 639 1232 in
665 1173 727 1234 duo
748 1173 881 1252 collegia
900 1193 907 1235 :
924 1174 963 1235 de
979 1193 1074 1256 porco
1121 1197 1130 1210 ·

131 1265 255 1345 mojori,
271 1264 323 1344 qui
347 1266 387 1326 Χ]
413 1265 683 1327 abbreviatoribus
708 1269 840 1343 constat,
861 1269 893 1328 et
913 1267 953 1326 de
979 1287 1073 1348 pareo

130 1377 253 1418 menore.

176 1455 208 1511 2⁰
229 1449 357 1512 notaria
381 1449 426 1511 sic
452 1450 537 1512 dicte
557 1469 577 1511 a
597 1452 751 1514 vocabulo
770 1452 885 1516 infimae
909 1453 1072 1516 latinitatis

129 1543 215 1620 doto,
236 1543 311 1622 quia
329 1543 383 1622 qui
397 1545 626 1623 praeficiebatur
649 1545 723 1606 huie
743 1547 867 1608 muneri
888 1548 1071 1626 apponebat

130 1655 232 1698 manu
244 1655 302 1697 sua
316 1635 431 1698 datam·
443 1655 499 1697 seu
511 1637 596 1697 diem
610 1655 672 1717 quo
684 1637 787 1718 gretie
801 1657 821 1700 e
835 1643 976 1702 Romano
990 1643 1070 1702 Pon·

130 1729 218 1792 tifice
234 1728 476 1807 concedebatur,
492 1729 553 1809 qui
566 1734 734 1809 propterea
746 1731 848 1794 dictus
863 1740 910 1796 est
923 1733 1067 1796 datariis.

53 1829 55 1832 ’
131 1821 279 1884 Officium
291 1821 421 1882 datariae
434 1825 482 1882 est
500 1821 647 1900 expedire
660 1823 788 1903 negotia
805 1826 1067 1907 extrsJ'udieiulia,

135 1933 208 1995 quae
234 1917 321 1977 extra
342 1913 597 1976 consistoriume
619 1916 760 1977 Romano
781 1918 931 1980 Pontifice
950 1917 1070 1997 persol-

130 2011 261 2085 vuntur,
278 2009 313 2068 ut
334 2010 406 2068 sunt
420 2007 601 2068 collationes
615 2007 851 2086 beneficiorum,
865 2009 1068 2090 dispensatio-

130 2119 201 2178 nes,
217 2099 479 2180 etc.,hujusmodi
507 2117 577 2179 quse
607 2099 702 2161 etiam
723 2100 884 2180 perviam
910 2101 1068 2162 bullarum

130 2192 353 2274 expediuntur.
379 2192 425 2253 llli
447 2195 562 2272 praeest
582 2191 749 2254 cardinalis
767 2192 820 2272 qui
836 2192 950 2255 dicitur
958 2190 1069 2272 prodo-

131 2286 239 2352 tarius,

174 2381 209 2440 3⁰
232 2377 354 2441 Camere
382 2379 478 2440 habet
501 2378 711 2442 redditionem
731 2380 888 2442 bonorum
912 2382 1069 2458 tempora-

128 2471 210 2534 lium
224 2471 372 2533 lloolesiae
392 2489 543 2535 romanae.
565 2472 613 2533 llli
627 2475 763 2551 preerat
776 2473 851 2534 olim
874 2471 1069 2534 archidiaco-

130 2583 203 2642 nus,
225 2563 319 2624 hodie
336 2581 412 2626 vero
430 2564 597 2626 cardinalis
612 2565 815 2646 emeritaque,
833 2567 888 2646 qui
901 2565 1068 2645 coadjuve-

129 2661 185 2720 tur
211 2657 252 2718 eb
274 2655 409 2718 auditore
436 2676 558 2720 comem
581 2661 613 2719 et
637 2657 804 2719 duodecim
833 2657 968 2734 clericis,
1006 2661 1065 2719 etc.

129 2749 267 2813 Auditor
276 2749 373 2811 habet
389 2769 482 2811 suum
493 2750 643 2814 tribunal.

173 2847 207 2904 4⁰
227 2841 457 2904 Poenitmticrio
467 2843 610 2905 instituta
620 2847 733 2922 estpro
744 2842 946 2922 expediendis
960 2842 1068 2924 gratiis

128 2935 299 3015 pontificiis
317 2953 387 3015 quae
401 2935 559 2997 interdum
572 2936 770 2998 conscientie
785 2937 888 2998 iorum
898 2936 1065 3016 attingunt,

129 3029 241 3108 quales
255 3031 329 3089 sunt
342 3028 554 3090 absolutiones
567 3048 586 3089 e
597 3029 734 3108 peccatis
747 3031 798 3092 vel
812 3031 953 3092 censuris
968 3047 1067 3090 reser-

127 3121 221 3199 vatis,
231 3121 421 3182 mutationes
431 3122 481 3182 vel
490 3121 861 3201 relaxationesvctorum,
872 3123 1067 3200 aliorumque

130 3233 275 3292 onerum,
293 3213 542 3293 dispensationes
565 3213 948 3295 impedimentorumque
964 3229 1068 3274 exoc-
1090 3257 1094 3273 .

129 3307 222 3369 cultis
238 3305 422 3368 criminibus
436 3310 619 3384 nascuntur,
639 3311 698 3370 eto.
713 3308 760 3369 llli
770 3312 886 3388 praeest
899 3303 1068 3368 cardinalis

123 3399 365 3480 poeaitenttcrics
387 3399 494 3480 major,
507 3399 560 3479 qui
587 3401 807 3462 auctoritatem
830 3418 920 3461 suam
942 3399 1068 3461 exercet

128 3497 198 3555 tum
206 3493 239 3554 in
248 3493 316 3554 foro
325 3493 542 3572 poenitentiali,
555 3493 621 3556 sive
629 3497 718 3556 extra
726 3495 829 3556 forum
838 3490 1064 3572 poenitentiale,

129 3589 197 3654 tum
211 3603 269 3672 pro
288 3585 357 3656 loro
372 3585 581 3664 conscientie.
599 3586 813 3670 coadjuvatur
828 3585 861 3648 in
882 3584 950 3651 foro
965 3583 1067 3676 poeni-
