2542 4122
355 337 393 380 os
414 337 543 384 onrncro
563 340 647 386 ionis
675 339 830 384 circumi.
1003 326 1060 385 199

127 485 192 542 tem
215 478 424 559 legislativam
449 481 481 542 in
506 499 630 543 sacram
648 482 828 562 liturgiam,
850 485 1060 562 preterquam

14 571 27 590 ⁰
128 573 214 654 quod
226 572 258 631 id
270 591 415 652 expresse
427 575 485 636 sibi
501 575 675 638 reservavit
690 577 722 638 S.
741 575 894 636 Pontifex.

167 673 199 729 2⁰
221 665 252 728 Si
268 671 415 744 ageretur
427 669 466 728 de
476 668 693 748 legibusmere
703 667 951 748 disciplinaribus,
961 671 1063 746 potest

129 760 294 838 episeopus
324 761 527 838 praescribere
550 762 582 821 in
606 780 664 822 sua
689 761 816 822 dioecesi
848 760 1000 841 quidquid
1022 761 1062 820 ad

128 855 248 914 bonum
270 871 436 913 commune
458 855 589 931 confert,
624 855 795 915 dummodo
821 854 888 915 istae
914 854 1064 916 constitu-

130 947 231 1007 tiones
255 963 317 1005 non
333 951 532 1024 opponantur
549 947 613 1027 juri
629 947 805 1024 communi,
823 966 879 1008 seu
895 947 957 1025 legi
972 965 1065 1026 supc-

128 1038 230 1099 rioris,
242 1038 318 1098 Inde
329 1042 432 1116 potest
443 1044 559 1102 statuta
569 1041 716 1116 condere,
734 1040 829 1101 etiam
844 1043 934 1102 extra
949 1039 1063 1100 dioece-

130 1150 241 1192 sanam
269 1133 436 1210 synodum,
464 1134 637 1214 etquidem
660 1134 718 1194 snb
738 1133 839 1211 poenis
860 1135 891 1193 et
910 1132 1060 1193 censuris.

131 1225 195 1286 Sed
218 1243 280 1285 non
302 1228 405 1302 potest
426 1227 607 1304 dispensare
619 1226 650 1286 in
666 1225 896 1287 universalibus
911 1225 1062 1286 Ecclesiae

130 1317 264 1397 legibus,
291 1337 363 1378 eum
378 1319 465 1380 nulla
482 1319 621 1380 inferiori
642 1323 746 1398 potest
760 1338 827 1380 esse
850 1321 989 1396 potestas
1003 1317 1063 1377 dis-

131 1411 283 1488 pensandi
302 1429 322 1470 a
339 1411 461 1490 legibus
482 1412 663 1491 superioris,
685 1411 744 1472 nisi
763 1411 831 1472 haee
849 1414 988 1490 potestas
1002 1410 1029 1470 ei
1045 1429 1065 1470 a

133 1503 294 1581 superiore
305 1505 497 1567 concedatur
509 1525 515 1566 :
529 1506 584 1582 sic,
600 1523 630 1566 v.
644 1524 689 1584 g.‚
704 1504 813 1583 nequit
828 1504 993 1582 episcopus
1008 1523 1065 1582 per

131 1597 237 1676 legem
258 1598 438 1676 generalem
460 1599 641 1677 dispensare
657 1617 676 1658 a
693 1599 762 1677 lege
787 1596 1062 1676 quadragesimali,

134 1688 192 1750 etsi
210 1688 242 1748 id
262 1690 361 1769 possit
382 1709 419 1750 ex
435 1690 521 1771 justa
535 1711 631 1752 eausa
649 1709 722 1752 eum
736 1689 979 1768 particularibus
993 1708 1066 1767 per-

134 1783 229 1844 sonis.

175 1878 210 1936 3⁰
231 1878 420 1938 Potestatem
449 1896 534 1938 mere
566 1875 832 1936 administrationes
860 1877 891 1936 et
916 1871 1065 1934 (666116611-

135 1988 198 2028 com
213 1969 368 2048 episcopi,
383 1975 450 2031 tum
475 1971 579 2050 quoad
594 1988 700 2030 sacros
719 1967 844 2029 ordines
860 1967 1067 2028 conferendos

135 2065 191 2122 aut
210 2062 423 2141 denegandos,
449 2063 697 2142 dispensationes
716 2061 756 2121 eb
771 2059 1064 2138 irregularitatibus,

134 2157 203 2216 tum
234 2156 337 2236 quoad
368 2156 594 2236 impedimenta
619 2153 827 2229 matrimonii,
862 2149 1068 2212 confessario-

135 2265 207 2308 rum
233 2249 430 2310 saeeularium
465 2253 495 2310 et
526 2248 720 2328 regularium
748 2243 1009 2325 approbationes,
1037 2246 1068 2302 ct

132 2339 394 2420 jurisdictionem,
412 2343 657 2404 reservationem
675 2358 816 2415 casuum,
833 2341 888 2399 aut
903 2337 944 2398 ab
957 2336 1068 2396 iisdem

136 2433 376 2512 absolutionem,
399 2439 472 2512 etc.,
503 2434 624 2514 plenius
646 2433 776 2494 delinire
801 2451 864 2492 non
893 2432 1014 2509 spectat
1028 2429 1068 2488 ad

135 2530 227 2587 tract.
251 2546 336 2606 gen,
352 2532 383 2588 61
397 2529 474 2589 alias
488 2528 520 2588 in
535 2527 615 2588 titul.
634 2527 673 2586 de
690 2525 784 2586 rebus
800 2525 867 2586 haeo
882 2523 988 2585 omnia
1002 2541 1069 2582 ver-

135 2622 255 2681 santur.
283 2621 331 2683 Ad
362 2621 515 2702 majorem
550 2621 645 2681 etiam
675 2619 897 2680 tractationem
935 2614 1070 2694 pertinet

136 2731 300 2774 recensere
314 2733 352 2774 ea
366 2733 435 2794 quae
453 2717 646 2776 concernunt
656 2711 791 2791 episcopi
813 2706 1067 2788 praeoedentiam,

138 2805 257 2882 sedem,
272 2826 328 2868 seu
335 2807 412 2888 jora
425 2806 588 2888 honorifico
603 2807 626 2865 ¹.

178 2899 261 2960 Satis
280 2900 320 2961 de
337 2901 487 2979 gradibus
509 2899 693 2960 hierarchice
711 2894 929 2958 ecclesiasticae
951 2895 1004 2976 qui
1024 2894 1072 2954 di-

138 2991 219 3052 vinae
234 2996 307 3053 sunt
319 2992 530 3056 institutionis.
544 2995 632 3052 Nunc
644 2991 683 3051 de
694 2991 753 3051 illis
764 2990 816 3069 qui
825 2988 1070 3051 ex-inst'tutione

140 3084 351 3146 ecclesiastiea
364 3089 468 3147 ortum
482 3085 610 3146 babent.

173 3303 178 3328 ¹
196 3301 263 3352 Vide
278 3301 396 3352 Ferraris
414 3301 555 3365 biblioth.;
569 3301 607 3351 ct.
627 3299 812 3351 collectionem
829 3297 928 3348 decret.
949 3295 975 3344 S.
990 3291 1072 3354 Cong.

142 3376 169 3423 C.
185 3377 341 3428 eZamboni
355 3378 481 3440 editom.;
494 3391 546 3426 vox
557 3375 645 3442 Epiro.
