2502 4130
234 319 294 382 326
443 324 674 378 utsrrrurmuss
693 331 776 378 runis
798 329 956 380 aaronica
1232 125 1240 426 1

235 481 324 554 sent;
340 479 495 559 quatenns
509 476 552 536 illi
568 477 677 555 procul
691 495 712 538 a
725 477 850 539 familiis
867 483 899 540 et
912 479 1063 541 domibus
1084 499 1167 542 secu·
1228 497 1240 542 a

234 573 354 636 laribus
368 571 524 647 viverent,
548 569 579 630 bi
595 587 670 631 vero
691 570 723 630 in
738 571 869 649 privatis
885 572 1045 633 domibus.
1065 575 1127 636 Sed
1141 575 1169 634 bi

236 665 340 729 clerici
354 665 511 726 seculares
525 663 617 724 facile
632 664 738 724 saeculi
750 664 828 726 vitia
841 669 1081 743 contraxerunt,
1095 685 1169 746 pre

235 760 344 824 sertim
352 757 507 820 luxuriam
518 760 549 817 et
561 757 736 817 avaritiam.
752 758 842 820 Unde
857 758 935 819 vitia
945 760 1169 821 concubinatus

236 857 267 916 et
293 850 432 914 simoniae
456 849 615 930 perhanc
638 849 776 910 mediam
800 854 927 912 aelatem
954 853 1090 914 clericos
1113 873 1168 914 non

235 944 544 1028 paruminfeoerunt.

275 1040 380 1116 Unde,
406 1037 520 1098 saeculo
537 1039 601 1114 Xl⁰,
629 1039 757 1098 curante
785 1036 988 1116 potissimum
1016 1040 1053 1100 Β.
1084 1042 1170 1102 Petro
1239 1027 1240 1032 ἵ

235 1133 409 1208 Damiano‚
435 1135 502 1191 tum
535 1130 682 1190 Nicolaus
718 1131 770 1190 11⁰⁸
803 1129 836 1188 in
871 1131 1007 1191 concilio
1045 1151 1170 1195 romano

235 1226 309 1288 anni
325 1228 418 1300 1059,
434 1228 502 1286 tum
516 1223 695 1284 Alexander
712 1225 766 1284 ll¹¹⁵
787 1223 889 1302 (1063)
906 1231 1066 1287 curarunt
1080 1229 1169 1288 vitam

236 1335 435 1382 communem
448 1334 608 1378 revocare.
626 1316 698 1377 Fuit
707 1315 775 1376 baec
785 1317 826 1376 ad
838 1316 939 1378 instar
950 1319 1170 1380 exercitiorum

139 1461 142 1466 .
234 1410 442 1492 spiritualium
460 1427 517 1488 pro
539 1412 604 1470 toto
619 1409 701 1469 clero
716 1409 849 1486 indicta,
868 1413 903 1470 ut
925 1429 945 1469 a
966 1413 1080 1472 saeculi
1095 1413 1170 1474 vitiis
1239 1409 1240 1492 g

234 1503 450 1564 mundaretur.
476 1504 593 1564 Verum
616 1502 676 1563 hoc
699 1503 761 1562 fine
786 1501 933 1579 obtento,
963 1503 1087 1565 iterum
1113 1507 1171 1567 ool·
1239 1559 1240 1582 p

233 1597 324 1675 lapsa
337 1599 394 1658 est.

272 1689 477 1765 luterim‚sub
492 1687 552 1748 bao‘
564 1687 762 1748 revocatione
773 1687 951 1749 communis
965 1689 1045 1751 vitae
1056 1692 1168 1753 factum

234 1785 337 1844 estut
361 1781 511 1841 nonnulla
530 1779 634 1860 capita
655 1780 843 1841 clericorum
865 1799 920 1842 seu
944 1785 1168 1846 canonicorum

234 1875 316 1936 bano
329 1874 473 1954 regulam
484 1873 557 1936 vitae
571 1873 745 1934 communis
757 1879 931 1952 spontanea
942 1875 1104 1938 electione
1113 1896 1169 1939 am·

234 1969 326 2048 plexa
339 1967 411 2044 sint,
427 1985 490 2028 non
504 1970 569 2028 tam
582 1970 618 2026 ut
631 1966 774 2028 viverent
787 1967 886 2027 vitam
902 1967 1102 2047 clericalem,
1124 1970 1169 2031 sed

234 2067 269 2125 ut
291 2062 323 2122 in
342 2060 522 2123 ulteriorem
545 2060 771 2121 contenderent
792 2060 1035 2138 perfectionem,
1064 2064 1170 2124 additis

234 2159 329 2219 etiam
343 2155 423 2230 votis
437 2153 640 2234 paupertatis,
656 2153 843 2215 obedientiae
857 2156 889 2214 et
903 2155 1076 2218 castitatis,
1089 2158 1170 2220 Unde

234 2249 338 2312 clerici
351 2249 382 2308 in
395 2247 555 2326 regulares
570 2249 603 2307 et
616 2246 774 2306 seculares
791 2246 928 2308 distincti
944 2252 1023 2310 sunt
1042 2271 1049 2310 :
1065 2250 1111 2310 illi
1125 2249 1170 2330 qui

233 2341 484 2402 monachismum
503 2338 664 2402 clericatui
684 2339 920 2417 consociarent,
939 2339 974 2400 bi
989 2343 1047 2422 qui
1071 2343 1104 2404 in
1119 2361 1172 2405 sa·

234 2434 304 2494 culo
319 2433 476 2494 clericalia
487 2431 595 2494 munia
607 2432 741 2494 obirent.
1238 2493 1239 2506 ,

272 2525 305 2586 2⁰
330 2524 452 2588 Ordines
484 2525 639 2587 militares.
667 2527 808 2586 Fuerunt
834 2525 978 2588 instituta
1009 2531 1171 2610 regularia
1238 2513 1239 2526 ¹

234 2637 304 2700 quae
330 2623 446 2680 statum
465 2617 647 2697 religiosum
672 2636 744 2678 cum
765 2621 849 2680 statu
872 2618 993 2681 militiae
1018 2627 1170 2698 armate,

233 2713 372 2774 studium
387 2711 574 2790 evangelicae
595 2711 795 2790 perfectionis
811 2730 882 2772 cum
897 2713 1004 2774 animo
1021 2715 1170 2777 bellicoso

233 2805 463 2868 consociarunt.
482 2807 542 2864 Res
558 2803 685 2883 quidem
698 2803 779 2864 mira
797 2805 912 2865 vidisse
928 2806 1099 2886 religiosos
1110 2809 1170 2870 bel-

231 2895 417 2976 ligerantes;
434 2901 499 2958 tam
518 2897 585 2976 pia,
602 2915 702 2974 sacra,
724 2897 818 2973 utilis,
837 2916 933 2976 quam
947 2900 1104 2962 Ecclesiae
1119 2901 1171 2962 de-

232 2989 331 3050 fensio
345 2990 378 3050 id
392 2991 573 3069 postularet.
597 2989 751 3050 Fervebat
765 2989 848 3050 enim
864 2995 932 3051 tum
955 2993 1168 3070 lslamismus,
1237 3043 1238 3048 ,

113 3127 116 3134 -
232 3086 264 3146 et
282 3083 428 3144 universo
452 3082 553 3156 ordini
574 3082 639 3144 sive
656 3082 819 3162 religioso,
836 3082 902 3144 sive
923 3085 1055 3162 politico
1075 3087 1171 3148 totius
1236 3049 1238 3162 l

231 3178 365 3255 Europae
381 3175 575 3237 imminebat.

270 3271 369 3350 Igitur
375 3268 511 3348 religiosi
522 3269 636 3330 milites
651 3287 739 3329 arma
748 3273 959 3347 sumpserunt,
975 3276 1097 3334 statum
1108 3272 1170 3334 bel-

230 3363 363 3426 licosum
378 3381 416 3423 ex
427 3363 567 3423 instituto
584 3361 715 3440 professi
730 3365 813 3440 sunt,
824 3364 986 3426 utTurcas
1002 3384 1061 3426 seu
1077 3367 1170 3428 Sara·

231 3474 324 3515 cenos
334 3455 526 3535 subigerent,
536 3473 651 3536 eosque
669 3472 687 3514 a
702 3453 878 3516 christianis
891 3454 1081 3520 divexandis
1096 3476 1169 3520 oon·

230 3544 376 3610 tinereut.
