2518 4144
302 385 408 435 marci
429 385 582 434 murinus
603 383 686 432 ruris
707 385 862 434 carmin.
1005 373 1043 434 'it

155 524 208 586 Vi.
229 520 420 584 &ercitum
438 523 546 580 sutem
566 517 687 598 jurium
704 521 738 578 et
755 517 859 596 ipsum
879 519 1045 598 dupliciter

112 618 220 696 poesi
231 612 434 688 consider-eri,
448 629 562 689 nempe
577 611 627 672 vel
642 610 752 672 ordine
761 609 847 672 <licto
858 610 900 672 cd
906 631 1044 690 macr

107 709 232 790 jurium
246 723 389 784 capaces,
413 705 463 765 vel
478 704 587 765 ordine
612 703 695 764 dicto
718 702 760 763 od
780 703 873 764 locum
896 705 948 764 ubi
970 705 1046 784 jura

111 802 184 880 ipsu
200 802 336 878 possunt
348 797 498 860 exerceri.
526 798 573 858 lix
585 796 634 858 bis
653 796 798 858 omnibus
811 796 1044 860 diversitatibus

110 892 300 972 subfflibus
309 893 416 969 petest
436 889 628 952 considerari
642 889 711 950 heo
722 889 859 968 privatio
873 909 929 950 seu
953 890 1045 952 dimi-

110 985 201 1048 nutio
213 984 334 1065 jurium
346 983 576 1044 communionis
602 981 791 1059 obustiunae,
808 983 904 1044 varice
922 983 1045 1061 species

108 1077 460 1154 resultentpoensrum:

151 1173 183 1231 1⁰
205 1170 238 1232 Si
258 1169 332 1249 jure
354 1167 583 1230 communionis
604 1166 785 1228 christiane
814 1167 1044 1232 interdicantur

108 1280 167 1326 seu
182 1261 410 1341 prohibeantur
430 1261 464 1321 in
487 1259 597 1321 ordine
612 1260 654 1320 ad
664 1259 802 1340 aliquem
815 1261 930 1339 locum,
946 1261 992 1324 itu
1009 1265 1044 1324 ut

108 1357 154 1421 ibi
167 1372 259 1418 secra
266 1373 333 1416 non
343 1353 464 1432 possint
471 1353 605 1431 amplius
615 1353 750 1431 operari,
758 1353 897 1416 nuscitur
906 1354 961 1416 ills
974 1373 1043 1435 spe-

108 1451 174 1514 cies
204 1463 371 1526 prenurum
398 1445 608 1525 spiritualium
632 1464 702 1526 que
723 1447 814 1512 audit
833 1447 1040 1526 ,amodum

109 1541 196 1622 quod
219 1539 318 1620 infligi
333 1539 464 1618 contigit
478 1539 664 1619 plerumque
678 1539 719 1600 ob
736 1557 835 1618 grove
847 1540 976 1620 Quod
996 1542 1043 1602 ia-

108 1635 209 1710 cinus,
226 1633 265 1694 de
282 1631 563 1712 quooommuuitss
577 1631 790 1712 aliquomodo
803 1633 980 1712 participat

149 1730 217 1788 Hoc
231 1729 338 1788 autem
348 1725 538 1805 velpmtiole
549 1723 666 1788 dicitur
676 1725 1040 1806 velpecercle:pcrtci1le‚

107 1819 133 1883 si
146 1820 188 1882 ad
203 1837 299 1880 unam
311 1819 486 1880 Ecclesiam
498 1837 558 1880 scu
567 1818 670 1882 edem
677 1837 802 1880 morsm
812 1819 1039 1899 restringatur3

106 1910 625 1996 peserdlasiadbcclesiasomnes
636 1916 750 1994 quaein
763 1916 869 1996 aliquo
882 1916 1040 1978 territorio

107 2011 446 2074 continenturex'tendi
461 2011 587 2076 debeat.

148 2107 216 2176 [tuo
232 2123 318 2182 ossu,
336 2124 374 2166 ne
387 2103 539 2166 innocens
553 2121 626 2166 cum
639 2103 753 2167 anime
766 2121 830 2166 sust
843 2103 982 2182 periculo
999 2104 1039 2164 de

19 2211 24 2220 ’
106 2198 266 2260 communi
287 2217 382 2277 poena
403 2198 581 2278 participet,
604 2197 710 2276 plures
735 2197 805 2274 ipso
827 2196 899 2276 jure
924 2197 1039 2258 dantur

105 2290 306 2369 exceptiones
321 2295 356 2352 ut
367 2309 509 2354 essserc
521 2308 591 2370 quae
601 2289 770 2352 nocentes
785 2289 834 2350 vel
847 2289 954 2369 gravis
968 2289 1036 2352 sni-

104 2400 231 2448 mumm
245 2383 361 2448 utilitas
369 2384 518 2463 postulat,
530 2383 650 2462 possint
659 2382 793 2462 operari.

142 2480 176 2538 *2⁰
199 2476 231 2540 Si
245 2495 321 2540 vcro
334 2477 551 2540 consideratur
561 2476 745 2538 exercitium
752 2475 872 2556 jurium
882 2477 914 2538 in
924 2477 1034 2540 ordine

104 2567 146 2630 ad
161 2587 324 2648 personas,
350 2571 408 2631 sub
431 2587 527 2648 poena
548 2570 726 2646 mulctam,
744 2573 776 2630 et
798 2569 868 2630 siim
882 2570 1036 2632 duaenas-

103 2666 218 2726 cuntur
239 2663 360 2742 speeies
383 2681 551 2744 paenarum
580 2662 789 2742 spiritualium
813 2662 1035 2724 ecclesiastica-

103 2755 202 2834 rium,
218 2773 352 2836 quarum
367 2757 468 2820 ultera
480 2757 635 2833 comeda,
647 2756 748 2818 alters
760 2755 874 2818 laicate
894 2773 1036 2818 commu·

102 2849 205 2911 nicnis
215 2852 265 2910 est
274 2850 448 2929 proprium.

140 2942 1032 3025 Sienimsuspendaturseuminueturexercitinmjurium

100 3035 310 3118 clericalium,
323 3059 385 3102 sou
398 3039 605 3120 prohibeatur
624 3059 664 3101 ne
682 3040 795 3120 aliquis
814 3040 946 3101 clericus
959 3040 1033 3122 jure

100 3141 250 3198 marceat
263 3155 333 3217 quae
346 3137 407 3199 sibi
422 3142 605 3217 competunt
617 3137 737 3199 ratione
752 3141 851 3199 status
866 3137 1029 3214 clericalis,

99 3231 175 3291 tunc
198 3247 237 3291 ss
258 3231 378 3310 species
400 3250 503 3311 pcsnae
524 3231 694 3310 spiritualis
718 3249 788 3310 quae
809 3231 956 3293 usuvenit
970 3231 1030 3292 dici

97 3327 256 3405 espessia.
280 3327 418 3389 Dicimus
446 3329 601 3404 usuvenit,
630 3328 704 3406 quia
727 3329 855 3389 numina
881 3328 968 3401 hec,
987 3325 1031 3384 sic

97 3419 204 3482 stricte
220 3427 357 3502 sumpta,
374 3443 457 3504 vaga
471 3424 670 3502 reperiuntur
682 3424 714 3483 in
730 3423 925 3503 antiquitate,
938 3421 982 3480 ita
997 3423 1031 3480 ut

96 3515 313 3582 indifferenter
327 3521 426 3584 altera
439 3539 495 3600 pro
507 3521 604 3582 altero
615 3525 766 3598 usurpata
778 3517 986 3578 inveniantur.

136 3614 212 3676 Haee
224 3615 387 3694 suspensio
399 3619 431 3676 et
445 3615 512 3696 ipsa
525 3615 726 3696 distinguitur
736 3615 768 3675 in
782 3613 898 3676 totalem
914 3617 944 3673 et
953 3631 1028 3696 por-
