<?xml version="1.0" encoding="UTF-8"?>
<!DOCTYPE html PUBLIC "-//W3C//DTD XHTML 1.0 Transitional//EN"
    "http://www.w3.org/TR/xhtml1/DTD/xhtml1-transitional.dtd">
<html xmlns="http://www.w3.org/1999/xhtml" xml:lang="en" lang="en">
 <head>
  <title>
</title>
<meta http-equiv="Content-Type" content="text/html;charset=utf-8" />
  <meta name='ocr-system' content='tesseract 3.04.00' />
  <meta name='ocr-capabilities' content='ocr_page ocr_carea ocr_par ocr_line ocrx_word'/>
</head>
<body>
  <div class='ocr_page' id='page_1' title='image "./institutionesju03marigoog_0323.png"; bbox 0 0 2502 4130; ppageno 0'>
   <div class='ocr_carea' id='block_1_1' title="bbox 332 369 1031 430">
    <p class='ocr_par' dir='ltr' id='par_1_1' title="bbox 332 369 1031 430">
     <span class='ocr_line' id='line_1_1' title="bbox 332 369 1031 430; baseline 0.014 -10"><span class='ocrx_word' id='word_1_1' title='bbox 332 373 371 420; x_wconf 86' lang='lat' dir='ltr'>nn</span> <span class='ocrx_word' id='word_1_2' title='bbox 392 375 520 423; x_wconf 83' lang='lat' dir='ltr'>omncro</span> <span class='ocrx_word' id='word_1_3' title='bbox 540 377 623 424; x_wconf 78' lang='lat' dir='ltr'>rnnrs</span> <span class='ocrx_word' id='word_1_4' title='bbox 644 377 800 427; x_wconf 77' lang='lat' dir='ltr'>eauomor.</span> <span class='ocrx_word' id='word_1_5' title='bbox 973 369 1031 430; x_wconf 78' lang='lat'>315</span> 
     </span>
    </p>
   </div>
   <div class='ocr_carea' id='block_1_2' title="bbox 79 517 1034 3678">
    <p class='ocr_par' dir='ltr' id='par_1_2' title="bbox 82 517 1034 1160">
     <span class='ocr_line' id='line_1_2' title="bbox 84 517 1029 605; baseline 0.01 -27"><span class='ocrx_word' id='word_1_6' title='bbox 84 517 242 580; x_wconf 88' lang='lat' dir='ltr'>nasteriis</span> <span class='ocrx_word' id='word_1_7' title='bbox 264 537 333 600; x_wconf 86' lang='lat' dir='ltr'>quae</span> <span class='ocrx_word' id='word_1_8' title='bbox 360 537 419 600; x_wconf 90' lang='lat' dir='ltr'>per</span> <span class='ocrx_word' id='word_1_9' title='bbox 437 519 571 584; x_wconf 79' lang='lat' dir='ltr'>Orientis</span> <span class='ocrx_word' id='word_1_10' title='bbox 594 521 760 602; x_wconf 78' lang='lat' dir='ltr'><strong>regiones,</strong></span> <span class='ocrx_word' id='word_1_11' title='bbox 782 523 921 585; x_wconf 87' lang='lat' dir='ltr'>Paoomii</span> <span class='ocrx_word' id='word_1_12' title='bbox 943 541 1029 605; x_wconf 85' lang='lat' dir='ltr'>eura,</span> 
     </span>
     <span class='ocr_line' id='line_1_3' title="bbox 85 613 1034 696; baseline 0.009 -24"><span class='ocrx_word' id='word_1_13' title='bbox 85 615 258 674; x_wconf 85' lang='lat' dir='ltr'>exstructa</span> <span class='ocrx_word' id='word_1_14' title='bbox 280 613 424 690; x_wconf 88' lang='lat' dir='ltr'>fuerant,</span> <span class='ocrx_word' id='word_1_15' title='bbox 453 617 485 675; x_wconf 88' lang='lat' dir='ltr'>et</span> <span class='ocrx_word' id='word_1_16' title='bbox 508 614 587 676; x_wconf 86' lang='lat' dir='ltr'>adeo</span> <span class='ocrx_word' id='word_1_17' title='bbox 614 614 823 678; x_wconf 87' lang='lat' dir='ltr'>inflammavit</span> <span class='ocrx_word' id='word_1_18' title='bbox 840 617 981 696; x_wconf 87' lang='lat' dir='ltr'>animos,</span> <span class='ocrx_word' id='word_1_19' title='bbox 998 623 1034 683; x_wconf 92' lang='lat' dir='ltr'>ut</span> 
     </span>
     <span class='ocr_line' id='line_1_4' title="bbox 84 705 1031 791; baseline 0.006 -25"><span class='ocrx_word' id='word_1_20' title='bbox 84 705 251 784; x_wconf 85' lang='lat' dir='ltr'>coeperint</span> <span class='ocrx_word' id='word_1_21' title='bbox 262 705 357 767; x_wconf 87' lang='lat' dir='ltr'>etiam</span> <span class='ocrx_word' id='word_1_22' title='bbox 369 706 421 766; x_wconf 87' lang='lat' dir='ltr'>hie</span> <span class='ocrx_word' id='word_1_23' title='bbox 431 708 622 769; x_wconf 86' lang='lat' dir='ltr'>monasteria</span> <span class='ocrx_word' id='word_1_24' title='bbox 635 708 725 788; x_wconf 83' lang='lat' dir='ltr'>erigi,</span> <span class='ocrx_word' id='word_1_25' title='bbox 743 713 775 771; x_wconf 91' lang='lat' dir='ltr'>et</span> <span class='ocrx_word' id='word_1_26' title='bbox 788 709 820 769; x_wconf 93' lang='lat' dir='ltr'>in</span> <span class='ocrx_word' id='word_1_27' title='bbox 827 713 917 771; x_wconf 85' lang='lat' dir='ltr'>tanta</span> <span class='ocrx_word' id='word_1_28' title='bbox 931 715 1031 791; x_wconf 86' lang='lat' dir='ltr'>quan-</span> 
     </span>
     <span class='ocr_line' id='line_1_5' title="bbox 83 798 1029 880; baseline 0.005 -19"><span class='ocrx_word' id='word_1_29' title='bbox 83 799 195 875; x_wconf 87' lang='lat' dir='ltr'>titate,</span> <span class='ocrx_word' id='word_1_30' title='bbox 217 801 253 860; x_wconf 92' lang='lat' dir='ltr'>ut</span> <span class='ocrx_word' id='word_1_31' title='bbox 266 798 475 878; x_wconf 82' lang='lat' dir='ltr'>Hieronymus</span> <span class='ocrx_word' id='word_1_32' title='bbox 496 801 629 862; x_wconf 88' lang='lat' dir='ltr'>asseruit</span> <span class='ocrx_word' id='word_1_33' title='bbox 643 803 787 880; x_wconf 83' lang='lat' dir='ltr'>Romam,</span> <span class='ocrx_word' id='word_1_34' title='bbox 814 803 872 864; x_wconf 91' lang='lat' dir='ltr'>sub</span> <span class='ocrx_word' id='word_1_35' title='bbox 894 803 1029 866; x_wconf 85' lang='lat' dir='ltr'>haeres-</span> 
     </span>
     <span class='ocr_line' id='line_1_6' title="bbox 85 893 1030 974; baseline 0.008 -22"><span class='ocrx_word' id='word_1_36' title='bbox 85 895 202 972; x_wconf 83' lang='lat' dir='ltr'>pectu‚</span> <span class='ocrx_word' id='word_1_37' title='bbox 232 895 384 974; x_wconf 87' lang='lat' dir='ltr'>tanquam</span> <span class='ocrx_word' id='word_1_38' title='bbox 407 893 603 954; x_wconf 81' lang='lat' dir='ltr'><strong>Hierusalem</strong></span> <span class='ocrx_word' id='word_1_39' title='bbox 626 895 742 956; x_wconf 83' lang='lat' dir='ltr'>factam</span> <span class='ocrx_word' id='word_1_40' title='bbox 766 895 871 958; x_wconf 88' lang='lat' dir='ltr'>inisse.</span> <span class='ocrx_word' id='word_1_41' title='bbox 888 899 915 958; x_wconf 87' lang='grc' dir='ltr'><strong>Α</strong></span> <span class='ocrx_word' id='word_1_42' title='bbox 930 899 1030 960; x_wconf 89' lang='lat' dir='ltr'>Roma</span> 
     </span>
     <span class='ocr_line' id='line_1_7' title="bbox 84 985 1028 1068; baseline 0.007 -23"><span class='ocrx_word' id='word_1_43' title='bbox 84 986 125 1045; x_wconf 90' lang='lat' dir='ltr'>in</span> <span class='ocrx_word' id='word_1_44' title='bbox 140 985 276 1063; x_wconf 87' lang='lat' dir='ltr'>Italiam,</span> <span class='ocrx_word' id='word_1_45' title='bbox 294 1004 332 1046; x_wconf 85' lang='lat' dir='ltr'>ex</span> <span class='ocrx_word' id='word_1_46' title='bbox 345 985 435 1047; x_wconf 90' lang='lat' dir='ltr'>ltalia</span> <span class='ocrx_word' id='word_1_47' title='bbox 449 986 481 1046; x_wconf 92' lang='lat' dir='ltr'>in</span> <span class='ocrx_word' id='word_1_48' title='bbox 496 987 573 1048; x_wconf 89' lang='lat' dir='ltr'>alias</span> <span class='ocrx_word' id='word_1_49' title='bbox 587 989 722 1067; x_wconf 81' lang='lat' dir='ltr'>nuropae</span> <span class='ocrx_word' id='word_1_50' title='bbox 739 992 855 1068; x_wconf 79' lang='lat' dir='ltr'>partae,</span> <span class='ocrx_word' id='word_1_51' title='bbox 879 992 1028 1054; x_wconf 86' lang='lat' dir='ltr'>monasti·</span> 
     </span>
     <span class='ocr_line' id='line_1_8' title="bbox 82 1079 645 1160; baseline 0.004 -20"><span class='ocrx_word' id='word_1_52' title='bbox 82 1098 166 1140; x_wconf 92' lang='lat' dir='ltr'>cum</span> <span class='ocrx_word' id='word_1_53' title='bbox 180 1079 355 1140; x_wconf 91' lang='lat' dir='ltr'>institutum</span> <span class='ocrx_word' id='word_1_54' title='bbox 366 1083 575 1160; x_wconf 79' lang='lat' dir='ltr'>propagatum</span> <span class='ocrx_word' id='word_1_55' title='bbox 587 1085 645 1144; x_wconf 87' lang='lat' dir='ltr'>est.</span> 
     </span>
    </p>

    <p class='ocr_par' dir='ltr' id='par_1_3' title="bbox 82 1171 1026 1344">
     <span class='ocr_line' id='line_1_9' title="bbox 132 1171 1026 1258; baseline 0.006 -24"><span class='ocrx_word' id='word_1_56' title='bbox 132 1173 185 1234; x_wconf 83' lang='lat' dir='ltr'>Vl.</span> <span class='ocrx_word' id='word_1_57' title='bbox 199 1172 308 1244; x_wconf 81' lang='lat' dir='ltr'>Quoad</span> <span class='ocrx_word' id='word_1_58' title='bbox 322 1171 460 1233; x_wconf 86' lang='lat' dir='ltr'>indolem</span> <span class='ocrx_word' id='word_1_59' title='bbox 471 1191 566 1253; x_wconf 87' lang='lat' dir='ltr'>quam</span> <span class='ocrx_word' id='word_1_60' title='bbox 578 1174 757 1255; x_wconf 82' lang='lat' dir='ltr'>hujusmodi</span> <span class='ocrx_word' id='word_1_61' title='bbox 769 1176 910 1239; x_wconf 85' lang='lat' dir='ltr'>instituta</span> <span class='ocrx_word' id='word_1_62' title='bbox 922 1195 1026 1258; x_wconf 89' lang='lat' dir='ltr'>sump-</span> 
     </span>
     <span class='ocr_line' id='line_1_10' title="bbox 82 1263 563 1344; baseline 0 -17"><span class='ocrx_word' id='word_1_63' title='bbox 82 1269 268 1343; x_wconf 87' lang='lat' dir='ltr'>seruutper</span> <span class='ocrx_word' id='word_1_64' title='bbox 278 1263 358 1326; x_wconf 88' lang='lat' dir='ltr'>hane</span> <span class='ocrx_word' id='word_1_65' title='bbox 373 1265 539 1344; x_wconf 89' lang='lat' dir='ltr'>periodum</span> <span class='ocrx_word' id='word_1_66' title='bbox 556 1287 563 1327; x_wconf 92' lang='lat'>:</span> 
     </span>
    </p>

    <p class='ocr_par' dir='ltr' id='par_1_4' title="bbox 82 1358 1027 1978">
     <span class='ocr_line' id='line_1_11' title="bbox 132 1358 1027 1442; baseline 0.007 -22"><span class='ocrx_word' id='word_1_67' title='bbox 132 1361 164 1420; x_wconf 79' lang='lat'>1⁰</span> <span class='ocrx_word' id='word_1_68' title='bbox 186 1358 257 1420; x_wconf 86' lang='lat' dir='ltr'>Vita</span> <span class='ocrx_word' id='word_1_69' title='bbox 279 1358 432 1438; x_wconf 80' lang='lat' dir='ltr'>regularis</span> <span class='ocrx_word' id='word_1_70' title='bbox 451 1359 510 1422; x_wconf 88' lang='lat' dir='ltr'>fuit</span> <span class='ocrx_word' id='word_1_71' title='bbox 536 1360 626 1422; x_wconf 88' lang='lat' dir='ltr'>unioe</span> <span class='ocrx_word' id='word_1_72' title='bbox 642 1363 896 1442; x_wconf 86' lang='lat' dir='ltr'>contemplativa.</span> <span class='ocrx_word' id='word_1_73' title='bbox 923 1365 1027 1436; x_wconf 80' lang='lat' dir='ltr'>Quare</span> 
     </span>
     <span class='ocr_line' id='line_1_12' title="bbox 85 1451 1027 1536; baseline 0.007 -24"><span class='ocrx_word' id='word_1_74' title='bbox 85 1451 258 1512; x_wconf 80' lang='lat' dir='ltr'>clericatus</span> <span class='ocrx_word' id='word_1_75' title='bbox 269 1455 300 1512; x_wconf 90' lang='lat' dir='ltr'>et</span> <span class='ocrx_word' id='word_1_76' title='bbox 313 1451 548 1513; x_wconf 80' lang='lat' dir='ltr'>monachismus</span> <span class='ocrx_word' id='word_1_77' title='bbox 561 1457 713 1535; x_wconf 82' lang='lat' dir='ltr'>tanquam</span> <span class='ocrx_word' id='word_1_78' title='bbox 724 1456 793 1517; x_wconf 83' lang='lat' dir='ltr'>duae</span> <span class='ocrx_word' id='word_1_79' title='bbox 804 1475 854 1518; x_wconf 87' lang='lat' dir='ltr'>res</span> <span class='ocrx_word' id='word_1_80' title='bbox 868 1456 1027 1536; x_wconf 88' lang='lat' dir='ltr'>incompa-</span> 
     </span>
     <span class='ocr_line' id='line_1_13' title="bbox 82 1544 1027 1623; baseline 0.005 -17"><span class='ocrx_word' id='word_1_81' title='bbox 82 1544 195 1608; x_wconf 92' lang='lat' dir='ltr'>tibiles</span> <span class='ocrx_word' id='word_1_82' title='bbox 210 1544 413 1623; x_wconf 77' lang='lat' dir='ltr'>apprehensae</span> <span class='ocrx_word' id='word_1_83' title='bbox 424 1549 506 1607; x_wconf 90' lang='lat' dir='ltr'>sunt.</span> <span class='ocrx_word' id='word_1_84' title='bbox 517 1547 750 1610; x_wconf 89' lang='lat' dir='ltr'>Monaobismus</span> <span class='ocrx_word' id='word_1_85' title='bbox 759 1549 842 1610; x_wconf 90' lang='lat' dir='ltr'>enim</span> <span class='ocrx_word' id='word_1_86' title='bbox 853 1550 1027 1612; x_wconf 84' lang='lat' dir='ltr'>eminenter</span> 
     </span>
     <span class='ocr_line' id='line_1_14' title="bbox 84 1637 1024 1722; baseline 0.005 -23"><span class='ocrx_word' id='word_1_87' title='bbox 84 1637 374 1716; x_wconf 81' lang='lat' dir='ltr'>contemplativae,</span> <span class='ocrx_word' id='word_1_88' title='bbox 407 1637 585 1716; x_wconf 82' lang='lat' dir='ltr'>solitariae,</span> <span class='ocrx_word' id='word_1_89' title='bbox 618 1645 822 1722; x_wconf 57' lang='lat' dir='ltr'>segregatum</span> <span class='ocrx_word' id='word_1_90' title='bbox 859 1641 1024 1704; x_wconf 86' lang='lat' dir='ltr'>clericatus</span> 
     </span>
     <span class='ocr_line' id='line_1_15' title="bbox 83 1729 1022 1812; baseline 0.006 -20"><span class='ocrx_word' id='word_1_91' title='bbox 83 1730 264 1792; x_wconf 87' lang='lat' dir='ltr'>eminenter</span> <span class='ocrx_word' id='word_1_92' title='bbox 277 1730 409 1807; x_wconf 76' lang='lat' dir='ltr'>aotivnS,</span> <span class='ocrx_word' id='word_1_93' title='bbox 426 1729 497 1792; x_wconf 90' lang='lat' dir='ltr'>talis</span> <span class='ocrx_word' id='word_1_94' title='bbox 509 1732 562 1812; x_wconf 91' lang='lat' dir='ltr'>qui</span> <span class='ocrx_word' id='word_1_95' title='bbox 579 1733 619 1793; x_wconf 90' lang='lat' dir='ltr'>de</span> <span class='ocrx_word' id='word_1_96' title='bbox 632 1753 689 1794; x_wconf 90' lang='lat' dir='ltr'>suo</span> <span class='ocrx_word' id='word_1_97' title='bbox 702 1734 854 1812; x_wconf 89' lang='lat' dir='ltr'>instituto,</span> <span class='ocrx_word' id='word_1_98' title='bbox 871 1735 903 1796; x_wconf 93' lang='lat' dir='ltr'>iu</span> <span class='ocrx_word' id='word_1_99' title='bbox 918 1735 1022 1798; x_wconf 90' lang='lat' dir='ltr'>medio</span> 
     </span>
     <span class='ocr_line' id='line_1_16' title="bbox 82 1819 1023 1908; baseline 0.007 -23"><span class='ocrx_word' id='word_1_100' title='bbox 82 1823 247 1886; x_wconf 85' lang='lat' dir='ltr'>societatis</span> <span class='ocrx_word' id='word_1_101' title='bbox 261 1826 292 1884; x_wconf 91' lang='lat' dir='ltr'>et</span> <span class='ocrx_word' id='word_1_102' title='bbox 301 1824 333 1884; x_wconf 92' lang='lat' dir='ltr'>in</span> <span class='ocrx_word' id='word_1_103' title='bbox 345 1819 500 1888; x_wconf 83' lang='lat' dir='ltr'>consortio</span> <span class='ocrx_word' id='word_1_104' title='bbox 516 1825 724 1888; x_wconf 77' lang='lat' dir='ltr'>mult‘tudinis</span> <span class='ocrx_word' id='word_1_105' title='bbox 739 1827 834 1890; x_wconf 87' lang='lat' dir='ltr'>debet</span> <span class='ocrx_word' id='word_1_106' title='bbox 845 1829 976 1908; x_wconf 86' lang='lat' dir='ltr'>reperiri</span> <span class='ocrx_word' id='word_1_107' title='bbox 988 1832 1023 1892; x_wconf 88' lang='lat' dir='ltr'>ut</span> 
     </span>
     <span class='ocr_line' id='line_1_17' title="bbox 83 1915 371 1978; baseline 0.003 -1"><span class='ocrx_word' id='word_1_108' title='bbox 83 1917 119 1977; x_wconf 92' lang='lat' dir='ltr'>in</span> <span class='ocrx_word' id='word_1_109' title='bbox 133 1935 238 1978; x_wconf 92' lang='lat' dir='ltr'>mores</span> <span class='ocrx_word' id='word_1_110' title='bbox 250 1915 371 1978; x_wconf 85' lang='lat' dir='ltr'>influat.</span> 
     </span>
    </p>

    <p class='ocr_par' dir='ltr' id='par_1_5' title="bbox 80 2010 1023 2836">
     <span class='ocr_line' id='line_1_18' title="bbox 128 2010 1022 2093; baseline 0.003 -21"><span class='ocrx_word' id='word_1_111' title='bbox 128 2010 162 2072; x_wconf 91' lang='lat' dir='ltr'>Si</span> <span class='ocrx_word' id='word_1_112' title='bbox 175 2011 272 2090; x_wconf 79' lang='lat' dir='ltr'>igitur</span> <span class='ocrx_word' id='word_1_113' title='bbox 285 2011 458 2072; x_wconf 89' lang='lat' dir='ltr'>monachus</span> <span class='ocrx_word' id='word_1_114' title='bbox 471 2012 567 2092; x_wconf 85' lang='lat' dir='ltr'>(quod</span> <span class='ocrx_word' id='word_1_115' title='bbox 582 2011 763 2092; x_wconf 88' lang='lat' dir='ltr'>frequenter</span> <span class='ocrx_word' id='word_1_116' title='bbox 775 2013 950 2093; x_wconf 87' lang='lat' dir='ltr'>eveniebat)</span> <span class='ocrx_word' id='word_1_117' title='bbox 962 2016 1022 2075; x_wconf 89' lang='lat' dir='ltr'>ole-</span> 
     </span>
     <span class='ocr_line' id='line_1_19' title="bbox 83 2103 1022 2185; baseline 0.004 -20"><span class='ocrx_word' id='word_1_118' title='bbox 83 2103 246 2166; x_wconf 86' lang='lat' dir='ltr'>riousfieri</span> <span class='ocrx_word' id='word_1_119' title='bbox 254 2103 423 2184; x_wconf 87' lang='lat' dir='ltr'>debuisset,</span> <span class='ocrx_word' id='word_1_120' title='bbox 431 2124 487 2166; x_wconf 91' lang='lat' dir='ltr'>seu</span> <span class='ocrx_word' id='word_1_121' title='bbox 498 2105 663 2185; x_wconf 87' lang='lat' dir='ltr'>episeopus</span> <span class='ocrx_word' id='word_1_122' title='bbox 671 2109 814 2168; x_wconf 87' lang='lat' dir='ltr'>vocasset</span> <span class='ocrx_word' id='word_1_123' title='bbox 831 2107 1022 2169; x_wconf 84' lang='lat' dir='ltr'>monaahum</span> 
     </span>
     <span class='ocr_line' id='line_1_20' title="bbox 82 2195 1022 2278; baseline 0.003 -19"><span class='ocrx_word' id='word_1_124' title='bbox 82 2200 118 2259; x_wconf 90' lang='lat' dir='ltr'>in</span> <span class='ocrx_word' id='word_1_125' title='bbox 134 2195 328 2274; x_wconf 87' lang='lat' dir='ltr'>clericatum,</span> <span class='ocrx_word' id='word_1_126' title='bbox 346 2216 382 2259; x_wconf 90' lang='lat' dir='ltr'>eo</span> <span class='ocrx_word' id='word_1_127' title='bbox 396 2197 464 2278; x_wconf 91' lang='lat' dir='ltr'>ipso</span> <span class='ocrx_word' id='word_1_128' title='bbox 478 2199 688 2261; x_wconf 85' lang='lat' dir='ltr'>monasticum</span> <span class='ocrx_word' id='word_1_129' title='bbox 703 2199 881 2262; x_wconf 89' lang='lat' dir='ltr'>institutum</span> <span class='ocrx_word' id='word_1_130' title='bbox 895 2203 1022 2262; x_wconf 88' lang='lat' dir='ltr'>natura-</span> 
     </span>
     <span class='ocr_line' id='line_1_21' title="bbox 81 2289 1021 2373; baseline 0.004 -21"><span class='ocrx_word' id='word_1_131' title='bbox 81 2291 159 2352; x_wconf 88' lang='lat' dir='ltr'>liter</span> <span class='ocrx_word' id='word_1_132' title='bbox 173 2289 353 2365; x_wconf 88' lang='lat' dir='ltr'>amittebat;</span> <span class='ocrx_word' id='word_1_133' title='bbox 367 2294 398 2352; x_wconf 92' lang='lat' dir='ltr'>et</span> <span class='ocrx_word' id='word_1_134' title='bbox 410 2292 557 2354; x_wconf 89' lang='lat' dir='ltr'>monaehi</span> <span class='ocrx_word' id='word_1_135' title='bbox 573 2293 677 2354; x_wconf 86' lang='lat' dir='ltr'>cleriei</span> <span class='ocrx_word' id='word_1_136' title='bbox 691 2295 780 2354; x_wconf 92' lang='lat' dir='ltr'>erant</span> <span class='ocrx_word' id='word_1_137' title='bbox 793 2293 889 2355; x_wconf 91' lang='lat' dir='ltr'>veluti</span> <span class='ocrx_word' id='word_1_138' title='bbox 904 2293 1021 2373; x_wconf 76' lang='lat' dir='ltr'>regulae</span> 
     </span>
     <span class='ocr_line' id='line_1_22' title="bbox 83 2383 1023 2467; baseline 0.006 -23"><span class='ocrx_word' id='word_1_139' title='bbox 83 2383 254 2463; x_wconf 83' lang='lat' dir='ltr'>excepti03</span> <span class='ocrx_word' id='word_1_140' title='bbox 272 2383 342 2445; x_wconf 91' lang='lat' dir='ltr'>ideo</span> <span class='ocrx_word' id='word_1_141' title='bbox 355 2387 477 2446; x_wconf 90' lang='lat' dir='ltr'>tantum</span> <span class='ocrx_word' id='word_1_142' title='bbox 492 2385 524 2444; x_wconf 93' lang='lat' dir='ltr'>in</span> <span class='ocrx_word' id='word_1_143' title='bbox 540 2385 722 2448; x_wconf 84' lang='lat' dir='ltr'>clericatum</span> <span class='ocrx_word' id='word_1_144' title='bbox 739 2386 909 2467; x_wconf 86' lang='lat' dir='ltr'>assumpti,</span> <span class='ocrx_word' id='word_1_145' title='bbox 926 2389 961 2449; x_wconf 92' lang='lat' dir='ltr'>ut</span> <span class='ocrx_word' id='word_1_146' title='bbox 972 2407 1023 2450; x_wconf 91' lang='lat' dir='ltr'>sa·</span> 
     </span>
     <span class='ocr_line' id='line_1_23' title="bbox 82 2477 1022 2557; baseline 0.005 -19"><span class='ocrx_word' id='word_1_147' title='bbox 82 2479 250 2540; x_wconf 90' lang='lat' dir='ltr'>eramenta</span> <span class='ocrx_word' id='word_1_148' title='bbox 270 2477 433 2538; x_wconf 86' lang='lat' dir='ltr'>monachis</span> <span class='ocrx_word' id='word_1_149' title='bbox 460 2483 589 2557; x_wconf 84' lang='lat' dir='ltr'>possent</span> <span class='ocrx_word' id='word_1_150' title='bbox 614 2479 816 2556; x_wconf 87' lang='lat' dir='ltr'>ministrare,</span> <span class='ocrx_word' id='word_1_151' title='bbox 840 2484 876 2542; x_wconf 90' lang='lat' dir='ltr'>nt</span> <span class='ocrx_word' id='word_1_152' title='bbox 901 2479 1022 2543; x_wconf 91' lang='lat' dir='ltr'>hierar-</span> 
     </span>
     <span class='ocr_line' id='line_1_24' title="bbox 81 2570 1021 2651; baseline 0.004 -21"><span class='ocrx_word' id='word_1_153' title='bbox 81 2570 210 2631; x_wconf 87' lang='lat' dir='ltr'>chicam</span> <span class='ocrx_word' id='word_1_154' title='bbox 223 2570 404 2631; x_wconf 90' lang='lat' dir='ltr'>monasterii</span> <span class='ocrx_word' id='word_1_155' title='bbox 426 2589 536 2632; x_wconf 89' lang='lat' dir='ltr'>curam</span> <span class='ocrx_word' id='word_1_156' title='bbox 557 2573 711 2633; x_wconf 90' lang='lat' dir='ltr'>sustinere</span> <span class='ocrx_word' id='word_1_157' title='bbox 732 2576 869 2651; x_wconf 85' lang='lat' dir='ltr'>possent,</span> <span class='ocrx_word' id='word_1_158' title='bbox 894 2592 933 2632; x_wconf 92' lang='lat' dir='ltr'>ne</span> <span class='ocrx_word' id='word_1_159' title='bbox 949 2592 1021 2634; x_wconf 89' lang='lat' dir='ltr'>eum</span> 
     </span>
     <span class='ocr_line' id='line_1_25' title="bbox 82 2663 1021 2748; baseline 0.001 -24"><span class='ocrx_word' id='word_1_160' title='bbox 82 2663 275 2737; x_wconf 90' lang='lat' dir='ltr'>detrimento</span> <span class='ocrx_word' id='word_1_161' title='bbox 291 2663 363 2748; x_wconf 72' lang='lat' dir='ltr'>vitm</span> <span class='ocrx_word' id='word_1_162' title='bbox 382 2663 528 2726; x_wconf 85' lang='lat' dir='ltr'>solitariae</span> <span class='ocrx_word' id='word_1_163' title='bbox 542 2668 573 2726; x_wconf 88' lang='lat' dir='ltr'>et</span> <span class='ocrx_word' id='word_1_164' title='bbox 586 2663 836 2743; x_wconf 82' lang='lat' dir='ltr'>contemplativae</span> <span class='ocrx_word' id='word_1_165' title='bbox 858 2663 1021 2744; x_wconf 84' lang='lat' dir='ltr'>adigeren-</span> 
     </span>
     <span class='ocr_line' id='line_1_26' title="bbox 80 2756 765 2836; baseline 0 -18"><span class='ocrx_word' id='word_1_166' title='bbox 80 2761 136 2818; x_wconf 89' lang='lat' dir='ltr'>tur</span> <span class='ocrx_word' id='word_1_167' title='bbox 149 2759 186 2818; x_wconf 89' lang='lat' dir='ltr'>ut</span> <span class='ocrx_word' id='word_1_168' title='bbox 195 2757 236 2817; x_wconf 87' lang='lat' dir='ltr'>ad</span> <span class='ocrx_word' id='word_1_169' title='bbox 248 2756 391 2836; x_wconf 89' lang='lat' dir='ltr'>publicas</span> <span class='ocrx_word' id='word_1_170' title='bbox 406 2757 592 2820; x_wconf 88' lang='lat' dir='ltr'>devenirent</span> <span class='ocrx_word' id='word_1_171' title='bbox 606 2757 765 2820; x_wconf 87' lang='lat' dir='ltr'>ecelesias.</span> 
     </span>
    </p>

    <p class='ocr_par' dir='ltr' id='par_1_6' title="bbox 79 2850 1020 3564">
     <span class='ocr_line' id='line_1_27' title="bbox 123 2850 1019 2932; baseline 0.004 -20"><span class='ocrx_word' id='word_1_172' title='bbox 123 2855 156 2912; x_wconf 75' lang='lat'>2⁰</span> <span class='ocrx_word' id='word_1_173' title='bbox 177 2850 298 2930; x_wconf 79' lang='lat' dir='ltr'>Duplex</span> <span class='ocrx_word' id='word_1_174' title='bbox 319 2850 377 2912; x_wconf 91' lang='lat' dir='ltr'>fuit</span> <span class='ocrx_word' id='word_1_175' title='bbox 400 2851 568 2912; x_wconf 89' lang='lat' dir='ltr'>methodus</span> <span class='ocrx_word' id='word_1_176' title='bbox 591 2851 803 2932; x_wconf 87' lang='lat' dir='ltr'>prosequendi</span> <span class='ocrx_word' id='word_1_177' title='bbox 825 2850 907 2914; x_wconf 88' lang='lat' dir='ltr'>hanc</span> <span class='ocrx_word' id='word_1_178' title='bbox 921 2852 1019 2916; x_wconf 91' lang='lat' dir='ltr'>vitam</span> 
     </span>
     <span class='ocr_line' id='line_1_28' title="bbox 81 2943 1019 3022; baseline 0.004 -18"><span class='ocrx_word' id='word_1_179' title='bbox 81 2943 257 3006; x_wconf 87' lang='lat' dir='ltr'>solitariam</span> <span class='ocrx_word' id='word_1_180' title='bbox 270 2944 596 3022; x_wconf 64' lang='lat' dir='ltr'>etjoontemplativam</span> <span class='ocrx_word' id='word_1_181' title='bbox 611 2965 617 3006; x_wconf 93' lang='lat'>:</span> <span class='ocrx_word' id='word_1_182' title='bbox 630 2944 798 3006; x_wconf 90' lang='lat' dir='ltr'>methodus</span> <span class='ocrx_word' id='word_1_183' title='bbox 817 2945 1019 3008; x_wconf 88' lang='lat' dir='ltr'>eremitarum</span> 
     </span>
     <span class='ocr_line' id='line_1_29' title="bbox 82 3035 1020 3116; baseline 0.003 -19"><span class='ocrx_word' id='word_1_184' title='bbox 82 3039 115 3098; x_wconf 87' lang='lat' dir='ltr'>et</span> <span class='ocrx_word' id='word_1_185' title='bbox 138 3035 307 3098; x_wconf 89' lang='lat' dir='ltr'>methodus</span> <span class='ocrx_word' id='word_1_186' title='bbox 333 3037 562 3098; x_wconf 83' lang='lat' dir='ltr'>coenobitarum</span> <span class='ocrx_word' id='word_1_187' title='bbox 577 3037 714 3116; x_wconf 90' lang='lat' dir='ltr'>propria.</span> <span class='ocrx_word' id='word_1_188' title='bbox 733 3039 835 3110; x_wconf 85' lang='lat' dir='ltr'>Quare</span> <span class='ocrx_word' id='word_1_189' title='bbox 856 3038 922 3100; x_wconf 87' lang='lat' dir='ltr'>vita</span> <span class='ocrx_word' id='word_1_190' title='bbox 944 3058 1020 3100; x_wconf 91' lang='lat' dir='ltr'>con-</span> 
     </span>
     <span class='ocr_line' id='line_1_30' title="bbox 79 3129 1019 3209; baseline 0.001 -18"><span class='ocrx_word' id='word_1_191' title='bbox 79 3129 266 3209; x_wconf 86' lang='lat' dir='ltr'>templativa</span> <span class='ocrx_word' id='word_1_192' title='bbox 281 3129 434 3190; x_wconf 86' lang='lat' dir='ltr'>associata</span> <span class='ocrx_word' id='word_1_193' title='bbox 448 3133 495 3191; x_wconf 90' lang='lat' dir='ltr'>est</span> <span class='ocrx_word' id='word_1_194' title='bbox 509 3133 576 3191; x_wconf 91' lang='lat' dir='ltr'>tum</span> <span class='ocrx_word' id='word_1_195' title='bbox 592 3131 780 3209; x_wconf 86' lang='lat' dir='ltr'>eremiticae,</span> <span class='ocrx_word' id='word_1_196' title='bbox 795 3136 863 3194; x_wconf 90' lang='lat' dir='ltr'>tum</span> <span class='ocrx_word' id='word_1_197' title='bbox 879 3131 1019 3193; x_wconf 88' lang='lat' dir='ltr'>coenobi-</span> 
     </span>
     <span class='ocr_line' id='line_1_31' title="bbox 80 3212 1020 3302; baseline 0.002 -20"><span class='ocrx_word' id='word_1_198' title='bbox 80 3221 163 3283; x_wconf 88' lang='lat' dir='ltr'>ticae.</span> <span class='ocrx_word' id='word_1_199' title='bbox 189 3224 291 3283; x_wconf 88' lang='lat' dir='ltr'>Locus</span> <span class='ocrx_word' id='word_1_200' title='bbox 306 3240 400 3302; x_wconf 88' lang='lat' dir='ltr'>quem</span> <span class='ocrx_word' id='word_1_201' title='bbox 416 3221 576 3284; x_wconf 86' lang='lat' dir='ltr'>incolebat</span> <span class='ocrx_word' id='word_1_202' title='bbox 589 3212 653 3300; x_wconf 87' lang='lat' dir='ltr'>ille,</span> <span class='ocrx_word' id='word_1_203' title='bbox 671 3223 757 3286; x_wconf 82' lang='lat' dir='ltr'>lauro</span> <span class='ocrx_word' id='word_1_204' title='bbox 772 3224 946 3300; x_wconf 84' lang='lat' dir='ltr'>dicebatur,</span> <span class='ocrx_word' id='word_1_205' title='bbox 964 3242 1020 3284; x_wconf 90' lang='lat' dir='ltr'>seu</span> 
     </span>
     <span class='ocr_line' id='line_1_32' title="bbox 80 3313 1019 3398; baseline 0.002 -23"><span class='ocrx_word' id='word_1_206' title='bbox 80 3333 159 3393; x_wconf 84' lang='lat' dir='ltr'>ager</span> <span class='ocrx_word' id='word_1_207' title='bbox 185 3313 315 3394; x_wconf 88' lang='lat' dir='ltr'>qnidam</span> <span class='ocrx_word' id='word_1_208' title='bbox 338 3313 518 3392; x_wconf 89' lang='lat' dir='ltr'>distinctus,</span> <span class='ocrx_word' id='word_1_209' title='bbox 543 3315 596 3376; x_wconf 90' lang='lat' dir='ltr'>ubi</span> <span class='ocrx_word' id='word_1_210' title='bbox 621 3317 836 3398; x_wconf 87' lang='lat' dir='ltr'>unusquisque</span> <span class='ocrx_word' id='word_1_211' title='bbox 858 3317 890 3376; x_wconf 90' lang='lat' dir='ltr'>in</span> <span class='ocrx_word' id='word_1_212' title='bbox 906 3315 1019 3377; x_wconf 86' lang='lat' dir='ltr'>cellula</span> 
     </span>
     <span class='ocr_line' id='line_1_33' title="bbox 79 3408 1018 3472; baseline 0.002 -4"><span class='ocrx_word' id='word_1_213' title='bbox 79 3409 241 3470; x_wconf 91' lang='lat' dir='ltr'>manebat.</span> <span class='ocrx_word' id='word_1_214' title='bbox 263 3409 380 3470; x_wconf 91' lang='lat' dir='ltr'>Domus</span> <span class='ocrx_word' id='word_1_215' title='bbox 405 3411 511 3470; x_wconf 90' lang='lat' dir='ltr'>autem</span> <span class='ocrx_word' id='word_1_216' title='bbox 535 3410 763 3472; x_wconf 71' lang='lat' dir='ltr'>coenobitarum</span> <span class='ocrx_word' id='word_1_217' title='bbox 782 3408 941 3471; x_wconf 79' lang='lat' dir='ltr'>cenobium</span> <span class='ocrx_word' id='word_1_218' title='bbox 962 3427 1018 3472; x_wconf 88' lang='lat' dir='ltr'>seu</span> 
     </span>
     <span class='ocr_line' id='line_1_34' title="bbox 79 3499 460 3564; baseline 0.008 -4"><span class='ocrx_word' id='word_1_219' title='bbox 79 3499 290 3562; x_wconf 80' lang='lat' dir='ltr'>monasterium</span> <span class='ocrx_word' id='word_1_220' title='bbox 303 3501 388 3563; x_wconf 88' lang='lat' dir='ltr'>diota</span> <span class='ocrx_word' id='word_1_221' title='bbox 403 3503 460 3564; x_wconf 88' lang='lat' dir='ltr'>est.</span> 
     </span>
    </p>

    <p class='ocr_par' dir='ltr' id='par_1_7' title="bbox 121 3591 1017 3678">
     <span class='ocr_line' id='line_1_35' title="bbox 121 3591 1017 3678; baseline 0.003 -22"><span class='ocrx_word' id='word_1_222' title='bbox 121 3597 155 3656; x_wconf 87' lang='lat'>3⁰</span> <span class='ocrx_word' id='word_1_223' title='bbox 177 3595 233 3656; x_wconf 84' lang='lat' dir='ltr'>Hae</span> <span class='ocrx_word' id='word_1_224' title='bbox 252 3593 378 3658; x_wconf 87' lang='lat' dir='ltr'>familiae</span> <span class='ocrx_word' id='word_1_225' title='bbox 402 3594 652 3674; x_wconf 75' lang='lat' dir='ltr'>coenobitarum,</span> <span class='ocrx_word' id='word_1_226' title='bbox 678 3595 719 3658; x_wconf 88' lang='lat' dir='ltr'>ad</span> <span class='ocrx_word' id='word_1_227' title='bbox 743 3594 843 3659; x_wconf 84' lang='lat' dir='ltr'>instar</span> <span class='ocrx_word' id='word_1_228' title='bbox 867 3591 1017 3678; x_wconf 81' lang='lat' dir='ltr'>simplicis</span> 
     </span>
    </p>
   </div>
   <div class='ocr_carea' id='block_1_3' title="bbox 0 0 1256 4130">
    <p class='ocr_par' dir='ltr' id='par_1_8' title="bbox 0 0 1256 4130">
     <span class='ocr_line' id='line_1_36' title="bbox 0 0 1256 4130; baseline 0 1"><span class='ocrx_word' id='word_1_229' title='bbox 0 0 1256 4130; x_wconf 95' lang='lat' dir='ltr'> </span> 
     </span>
    </p>
   </div>
  </div>
 </body>
</html>
