2542 4122
370 348 409 394 ns
429 345 558 394 orreum
577 347 661 394 runis
685 345 840 394 amorrui.
1011 333 1070 398 w

139 490 247 552 divino
262 491 303 552 sit
316 494 351 550 ut
367 489 473 550 clerici
495 489 557 550 sint
579 489 798 567 episcoporum
821 487 1017 567 coadjutores
1038 487 1071 550 in

138 583 287 646 Ecclesiae
306 581 470 661 regimine,
486 588 518 642 et
532 581 740 642 mansuetudo
757 580 951 646 auctoritatis
972 581 1072 642 eccle-

139 677 285 752 siasticae,
299 694 363 736 non
379 678 507 753 spernat
520 674 703 736 interiorum
718 674 866 746 consilia;
891 673 947 736 sed
968 673 1073 736 deter-

138 770 292 832 minatam
305 767 424 828 hubent
439 786 458 828 a
475 767 546 848 jure
561 767 772 828 ecclesiastico
794 767 879 847 quod
899 765 991 831 sedes
1008 765 1072 833 dia-

138 863 250 934 tribuit
260 860 572 942 jurisdictionemque
588 861 735 939 assignat.

352 1005 366 1061 9
382 1009 409 1049 ΙΙ.
431 1017 463 1048 ns
475 999 598 1050 mansoris
610 1014 709 1048 ornum
721 1013 858 1047 suasorio.

180 1131 232 1190 llt.
257 1127 338 1190 Satis
351 1127 486 1188 diximus
500 1127 539 1188 de
562 1125 699 1205 collegiis
716 1124 833 1188 ordinis
852 1125 1017 1208 pastoralis
1039 1125 1072 1187 in

138 1221 291 1284 Ecclesia.
308 1223 397 1282 Nunc
413 1220 452 1280 de
466 1219 604 1300 collegiis
621 1219 839 1282 ecclesiasticis
851 1219 969 1281 ordinis
982 1237 1071 1282 sena-

138 1315 214 1376 torii
224 1314 275 1374 vel
290 1312 464 1374 consultivi.

180 1406 320 1468 Christus
329 1406 480 1466 Dominus
488 1403 938 1486 ecclesiasticaejurisdictionis
948 1409 1069 1484 auctor,

139 1518 212 1560 eam
223 1517 287 1559 non
300 1498 382 1560 tastu
403 1497 576 1578 majestatis
590 1498 808 1576 exercendam,
829 1499 885 1560 sed
902 1498 1072 1572 christiam

138 1591 314 1652 humilitate
321 1589 632 1668 temperandamesse
640 1590 748 1652 voluit.
760 1592 956 1672 Quapropter
965 1591 1072 1666 admo-

138 1685 235 1746 nebat
247 1683 415 1762 discipulos
428 1699 513 1760 suos,
526 1701 565 1742 ne
581 1683 614 1748 in
629 1682 696 1762 ejus
713 1683 871 1760 exercitio,
894 1683 1072 1764 principum

139 1778 340 1840 imita-renim
361 1774 579 1856 majestatem,
614 1776 670 1836 sed
698 1775 882 1838 charitatem
907 1777 1070 1856 pastoris:

138 1869 295 1950 Principes
306 1868 437 1948 gentium
447 1866 637 1928 cornicantur
649 1886 767 1947 eurum,·
778 1888 826 1930 vos
838 1877 935 1930 uatem
944 1889 1002 1930 ooo
1015 1869 1074 1944 sic,·

137 1962 191 2024 sed
215 1961 268 2042 qui
293 1960 390 2042 major
415 1969 457 2022 est
481 1960 512 2020 r'o
535 1959 624 2038 eoba,
645 1959 703 2040 fiet
723 1959 799 2020 sicut
821 1961 927 2038 minor,
951 1967 1010 2024 etc.
1035 1963 1074 2022 llt

138 2059 249 2118 Petrus
270 2052 460 2115 admonebat
473 2051 621 2114 Ecclesiae
644 2055 785 2133 pastores
805 2055 840 2114 ut
864 2071 995 2132 gregem
1016 2052 1072 2114 Dei

139 2151 315 2227 pascerent,
342 2145 622 2225 providerentque,
642 2161 705 2205 non
725 2150 850 2222 coacte,
871 2145 927 2207 sed
946 2148 1074 2224 sponta-

139 2261 209 2317 nee,
222 2259 324 2320 neque
339 2239 420 2301 sicut
431 2238 628 2300 dominantes
640 2237 672 2298 in
683 2237 783 2299 oleris.
796 2238 823 2317 (l
837 2239 869 2300 S.
885 2241 973 2316 Pan,
984 2241 1015 2315 5,
1028 2237 1072 2316 ἢ.)

179 2334 234 2396 llis
253 2331 517 2394 admonitionibus
539 2331 652 2408 edocti,
674 2330 811 2410 episcopi
837 2330 915 2392 nihil
931 2330 1072 2394 habuere

139 2425 297 2506 antiquius
312 2443 408 2506 quam
420 2428 455 2485 ut
465 2424 697 2503 presbyterium
715 2443 818 2502 suum,
839 2443 896 2486 seu
914 2423 1072 2506 majorum

139 2519 284 2580 dioecesis
306 2518 492 2580 clericorum
513 2517 679 2598 collegium
703 2518 919 2594 consulerent,
946 2518 1071 2597 quando

140 2613 180 2673 de
208 2630 242 2672 re
270 2611 410 2672 ecclesiae
436 2610 497 2671 sibi
515 2611 690 2672 commissae
712 2614 816 2676 essent
843 2610 1070 2686 deliberaturi,

140 2709 175 2767 ut
199 2723 310 2782 nempe
331 2704 414 2765 illius
438 2703 561 2782 collegii
584 2705 693 2764 votum
719 2704 910 2782 expeterent.
928 2703 995 2776 Quo
1009 2702 1072 2764 fao·

139 2802 208 2860 tum
220 2801 268 2858 est
281 2801 317 2858 ut
328 2796 558 2874 presbyterium
567 2793 641 2875 jura
660 2794 824 2876 cujusdam
844 2798 971 2860 senatus
990 2795 1072 2859 ordi-

140 2890 222 2950 narii
245 2888 447 2967 adquisierit,
478 2885 567 2966 cujus
600 2887 735 2948 consiliis
768 2888 933 2967 episcopus
967 2889 1073 2969 quoad

139 2983 271 3058 viveret,
289 2980 455 3042 ecclesiam
467 2979 525 3041 sibi
540 2980 739 3042 commissam
753 2981 954 3062 gubernaret,
971 2999 1072 3060 eoque

140 3079 265 3137 mortuo
278 3073 419 3134 vacantis
436 3072 575 3134 eoelesiae
589 3073 731 3150 regimen
744 3077 893 3152 sumeret,
909 3091 1072 3155 quousque

140 3187 242 3230 novus
254 3185 318 3228 non
333 3165 576 3228 constitueretur
589 3165 738 3244 pontifex.

181 3260 244 3322 Sed
256 3260 324 3320 haeo
333 3259 407 3339 jura
416 3259 584 3334 senatoria,
593 3276 663 3337 quae
675 3258 750 3320 olim
759 3259 884 3320 fuerant
894 3256 1072 3320 communia

139 3352 287 3414 universo
298 3353 381 3413 clero
393 3351 571 3411 dioecesano
582 3349 690 3430 (quum
703 3371 816 3430 nempe
828 3369 891 3410 una
901 3350 932 3410 in
943 3348 1072 3428 singulis

138 3444 329 3506 dioecesibus
343 3447 413 3507 crat
426 3443 568 3520 ecclesia,
585 3461 698 3522 nempe
713 3442 912 3520 cathedralis,
932 3442 981 3510 oui
1003 3442 1072 3503 uni-

138 3557 250 3603 versus
265 3538 367 3620 clerus
378 3537 438 3608 sub
451 3537 598 3623 episeopo
615 3539 682 3608 erat
695 3534 850 3615 addictus)
861 3539 1073 3618 *postquam
