2542 4122
365 343 404 390 os
425 343 553 391 cusano
574 335 661 401 runis
680 343 835 392 canonica.
1007 329 1066 392 ἥδ

169 479 297 548 ΧΧΧὙ.
321 487 480 550 absolutis
494 506 564 568 qua
584 491 729 568 spectant
741 488 783 550 ad
796 487 959 550 hidonem
972 487 1066 550 officii

131 579 333 660 parochialis,
351 581 536 660 exponenda
550 585 623 643 suni
636 581 842 661 principiaad
854 579 1067 660 parochorum

132 673 381 736 nominationem
394 677 425 735 et
438 675 656 736 auctoritatam
671 673 954 736 determinandam.

174 769 205 828 1⁰
228 767 443 828 Poroohorum
467 768 636 830 auotoritas
664 771 711 828 esi
741 767 896 846 delegata.
922 765 1067 828 Officium

132 858 218 919 enim
239 859 420 937 parochiale
444 864 492 922 esi
513 879 587 939 pars
612 859 824 921 connaturalis
845 858 938 920 officii
959 862 1067 937 pasto-

131 952 220 1012 ruiis.
238 952 327 1014 Unde
342 953 507 1032 episcopus
522 954 554 1013 in
569 954 700 1033 siugulis
716 951 915 1028 dioecesihus‚
926 951 957 1012 vi
972 951 1066 1012 officii

130 1045 191 1122 sui,
209 1049 256 1106 esi
267 1046 423 1124 parochus
437 1051 529 1108 natus
548 1045 703 1107 universae
723 1045 849 1106 familiae
863 1044 1062 1106 dioecesauae.

131 1138 266 1200 Perochi
278 1142 395 1216 autem,
413 1158 475 1219 qua
488 1140 577 1217 talos,
592 1157 655 1200 uon
666 1139 822 1200 habentur
836 1137 895 1198 nisi
913 1137 946 1198 in
965 1155 1066 1217 quau-

130 1237 201 1293 tum
225 1231 305 1292 hano
329 1236 493 1310 paternam
517 1236 744 1311 repraesentant
765 1230 902 1310 episcopi
928 1229 1066 1291 auctori·

127 1329 239 1400 haiom,
248 1324 399 1386 directam
412 1326 453 1386 ad
464 1325 660 1404 singulorum
670 1325 702 1384 in
713 1343 771 1385 sua
781 1322 920 1403 paroecia
931 1323 1064 1384 sautem

130 1417 375 1496 procurandam.
397 1419 452 1479 Est
476 1417 573 1497 igitur
595 1417 805 1496 parochorum
823 1415 999 1496 jurisdictio
1022 1415 1063 1479 ab

129 1509 279 1589 episcopo
293 1510 448 1590 delegata.

170 1606 201 1662 2⁰
213 1605 287 1663 Hac
307 1607 413 1664 autam
424 1603 599 1683 jurisdictio
614 1607 662 1664 est
676 1601 836 1664 ordinaria
855 1602 888 1664 in
909 1604 1063 1682 quantum

122 1695 271 1758 adhaeret
297 1695 390 1757 alien
417 1696 529 1773 officio,
559 1695 712 1758 stabiliter
734 1694 858 1775 injure
880 1695 1059 1758 constituto.

128 1789 220 1850 Unde
231 1788 416 1868 adquiritur,
432 1808 494 1852 nou
507 1809 545 1850 ex
559 1789 708 1850 mandato
724 1787 907 1867 episcopali,
921 1788 977 1849 sod
992 1788 1063 1848 des-

128 1879 280 1944 tinatione
298 1883 349 1943 vel
371 1882 518 1944 missione
542 1883 583 1944 ad
605 1881 764 1954 officium
786 1880 932 1942 videlicet
951 1879 1063 1960 adqui-

9 2017 12 2024 -
129 1973 209 2034 ritnr
220 1993 278 2053 por
292 1974 388 2054 ipsius
401 1975 494 2036 officii
510 1973 763 2054 adquisitionem,
776 1971 857 2034 sicui
868 1976 901 2036 et
914 1990 972 2052 por
981 1970 1061 2052 ejus

128 2067 203 2127 dem
216 2067 416 2129 amissionem
432 2069 594 2131 amittitur.

169 2162 201 2220 3⁰
215 2162 289 2221 Haeo
306 2161 482 2242 jurisdictio
507 2165 554 2224 ast
574 2159 734 2222 ordinaria
752 2157 848 2220 eiiam
871 2156 932 2218 aiio
956 2173 1060 2232 sensu,

129 2255 284 2332 quatenus
299 2273 412 2333 nempe
437 2254 582 2334 dirigitur
602 2253 644 2314 ad
665 2250 859 2314 ordinarium
877 2247 926 2310 sui
945 2248 1064 2310 exerci-

127 2345 224 2418 tium3
252 2346 398 2408 videlicet
420 2365 483 2409 non
507 2351 559 2409 osi
581 2345 751 2408 auotoritas
780 2342 1009 2424 interponenda
1030 2341 1061 2402 in

127 2438 253 2500 casibus
286 2440 568 2517 extraordinariis,
607 2439 663 2500 sed
699 2438 831 2500 sustinet
867 2435 1061 2499 ordinariam

128 2531 335 2594 directionem
353 2551 418 2595 suae
438 2533 584 2612 parueoiae
608 2532 640 2593 in
663 2533 760 2592 finem
778 2529 1059 2609 supemahrraiem.

129 2627 248 2687 Verum

167 2721 202 2778 4⁰
230 2718 395 2799 Ohjcoium
426 2717 520 2798 hujus
549 2717 715 2779 ordinaria
740 2715 990 2795 pausationes
1015 2718 1062 2777 est

127 2809 289 2889 publicum
303 2813 456 2891 regimen,
471 2811 527 2873 sed
541 2811 674 2890 simplex
687 2809 828 2888 regimen
841 2807 1058 2870 domesticum.

128 2903 272 2964 Paroecio
287 2904 370 2964 enim
386 2923 449 2966 non
464 2908 511 2966 est
525 2904 667 2966 instituta
685 2903 726 2964 ad
747 2902 845 2964 instar
867 2901 1059 2981 reipublicae,

128 2995 218 3076 cujus
231 2997 390 3075 parochus
405 2997 445 3060 sii
467 3001 619 3077 tanquam
639 2996 800 3076 princeps,
822 2996 877 3056 sed
899 2996 940 3056 ad
963 2995 1061 3057 instar

127 3106 223 3148 merae
252 3089 378 3150 familia
405 3089 494 3170 cujus
518 3090 559 3151 sii
582 3093 682 3168 pater.
707 3091 881 3168 Eapropter
903 3089 1078 3167 parochus·

127 3179 205 3240 nihil
219 3185 323 3259 potest
336 3182 368 3242 in
382 3183 521 3262 paroecia
536 3201 681 3244 exercere
701 3183 786 3262 quod
807 3181 909 3261 sapiat
925 3180 1060 3259 politioae

127 3273 311 3353 majestatis.
329 3276 418 3338 Unde
434 3293 491 3337 neo
512 3276 598 3356 leges
616 3276 714 3353 ferre,
735 3293 793 3337 nec
815 3293 854 3336 ex
875 3271 1060 3335 auctoritate

125 3364 281 3446 judicare,
296 3387 354 3430 nec
369 3368 510 3448 publicas
525 3369 824 3448 paenasimponerc3
842 3367 897 3427 sad
912 3365 1013 3425 solum
1023 3381 1061 3424 ea
1155 3436 1158 3442 Ι

120 3462 232 3538 potest
245 3479 391 3523 exercerc
406 3481 476 3543 quae
496 3463 554 3524 sub
570 3465 716 3541 respecta
731 3457 941 3522 ecclesiastico
956 3459 1061 3536 pater-

128 3555 203 3614 nam
215 3552 379 3617 imitentur
393 3555 612 3620 auctoritatem
626 3555 658 3616 in
673 3552 824 3633 regimine
838 3549 976 3614 famina.
