2542 4122
198 299 257 364 234
416 309 644 361 rnsmrurrcnns
665 313 748 358 eunus
769 311 925 359 ememor.

200 459 368 538 postquam
407 455 439 518 in
466 459 550 518 coetu
577 453 786 517 cardinalium
812 473 952 519 romanae
985 456 1138 517 &classe

200 549 398 612 adnumerati
422 551 496 610 sunt
524 549 619 610 etiam
643 548 782 628 episcopi
809 549 939 628 qnidam
956 549 1138 609 vicinarum

200 643 335 721 urbium,
354 641 427 704 dicti
444 641 576 722 proinde
598 641 736 720 episcopi
757 641 978 717 suburbicarii,
995 646 1027 703 ct
1040 646 1138 703 caete-
1248 639 1249 680 ἓ

201 753 306 799 rorum
321 735 538 813 cardinalium,
560 735 818 814 presbyterorum
836 753 951 813 nempe
974 739 1007 795 et
1028 735 1136 796 diaco-

200 847 323 906 norum,
340 828 474 909 dignitas
490 827 658 890 sublimata
679 831 736 905 est,
759 846 833 888 cum
851 827 883 887 iu
905 827 1020 888 eodem
1037 847 1135 888 censu

200 925 303 984 essent
316 925 467 1002 tanquam
481 921 624 982 membra
635 921 728 980 unius
740 920 863 1000 collegii
876 939 950 980 cum
964 921 1131 1000 episcopis,

200 1019 231 1080 cc
243 1015 368 1077 illorum
383 1014 518 1094 dignitas
533 1013 601 1075 visa
615 1017 663 1074 est
677 1013 765 1093 quasi
781 1013 980 1092 episcopalis.

238 1110 410 1188 Propterea
420 1106 599 1186 hujusmodi
612 1106 693 1167 tituli
706 1105 802 1166 crecti
815 1106 941 1167 suntad
957 1105 1048 1185 qnasi
1059 1105 1135 1166 dioe·

199 1201 295 1266 ceaim
308 1222 314 1264 :
330 1200 496 1262 cardinalis
505 1217 618 1279 nempe
628 1199 661 1259 in
671 1199 761 1260 titulo
773 1217 830 1260 sno
843 1199 970 1260 habitus
982 1203 1032 1259 est
1046 1198 1135 1278 qnasi

200 1293 409 1375 episcopusin
425 1293 562 1370 dioecesi,
580 1309 774 1372 romanaque
785 1291 929 1352 dioecesis
943 1292 1036 1352 intot
1047 1290 1136 1370 qnasi

200 1387 350 1450 dioeceses
364 1385 432 1447 visa
446 1388 492 1447 cst
504 1384 652 1464 distingui
672 1391 748 1464 quot
768 1384 970 1445 habebantur
988 1384 1137 1444 cardina-

198 1478 254 1541 litii
269 1478 360 1556 tituli,
382 1496 554 1559 eorumque
576 1478 718 1539 titularea
742 1477 832 1556 qnasi
850 1476 1004 1538 ordinarii
1022 1476 1133 1552 habiti,

193 1571 430 1652 episcopalique
442 1570 659 1652 jurisdictione
673 1569 824 1649 insigniti.

240 1663 302 1728 Sed
314 1667 491 1744 postquam,
508 1662 655 1726 institutis
669 1662 845 1742 parochiis,
862 1661 1043 1723 secundarii
1069 1681 1136 1724 car-
1248 1663 1249 1670 ’

143 1791 147 1802 ·
199 1756 351 1819 dinalinm
359 1755 441 1819 tituli
454 1773 543 1816 suam
553 1755 677 1835 plebem
687 1755 869 1831 amiserunt,
885 1757 1041 1834 populum
1050 1755 1136 1816 vide·

199 1850 272 1912 licet
285 1849 343 1911 sibi
357 1848 530 1926 addictum,
543 1853 574 1911 et
582 1848 705 1929 jamdiu
718 1849 862 1909 asaecnlo
875 1849 946 1910 XV⁰
954 1847 1135 1910 institutum

200 1945 247 2006 est
260 1941 398 2006 officium
412 1941 579 2005 cardinalis
593 1941 713 2018 vicarii,
739 1940 828 2021 quasi
854 1943 936 2002 esset
954 1941 1135 2002 ordinarius

200 2035 297 2115 urbis,
317 2035 453 2116 dignitas
476 2035 544 2096 haec
565 2035 616 2095 vel
636 2033 813 2114 jurisdictio
838 2033 927 2113 quasi
947 2033 1136 2112 episcopalis

201 2131 232 2193 S.
251 2132 287 2193 lt.
304 2131 339 2192 u.
362 2127 568 2191 cardinalium
590 2127 622 2187 in
643 2127 739 2188 titulis
763 2125 846 2203 suis,
873 2125 979 2205 quoad
1007 2125 1135 2187 honoris

198 2222 425 2302 prerogativae
440 2220 555 2282 mansit
569 2219 709 2299 integra;
735 2219 797 2279 imo
807 2219 883 2297 ‘plus
901 2236 997 2298 qnam
1015 2219 1135 2297 episcc

198 2315 278 2393 palis
293 2315 401 2376 habita
412 2319 472 2388 eat3
489 2314 544 2374 sed
558 2313 661 2393 quoad
668 2311 920 2392 jurisdictionem
929 2311 1045 2389 ipsam,
1056 2311 1134 2372 adeo

199 2405 360 2467 deminuta
373 2409 430 2480 est,
443 2408 478 2466 ut
488 2405 592 2483 hodie,
604 2404 778 2484 pracsertim
789 2406 861 2482 post
873 2403 1134 2466 constitutionem

198 2497 372 2562 innocentii
394 2499 449 2560 XII
472 2497 632 2578 (Romanus
652 2496 808 2576 Pontifec)
829 2495 902 2556 anni
925 2499 1015 2574 1692,
1041 2497 1135 2558 redu-

201 2595 291 2655 catur
299 2592 339 2653 ad
350 2591 519 2672 quamdam
529 2593 716 2670 potestatem
728 2589 955 2650 oeconomicam
968 2593 1000 2650 et
1012 2589 1133 2650 domes

201 2685 296 2748 ticam
320 2685 527 2746 exercendam
545 2683 577 2744 in
591 2684 693 2744 forma
717 2681 945 2762 extrajudiciali
962 2682 995 2742 in
1010 2682 1049 2743 iis
1064 2699 1132 2762 qnae

201 2777 371 2856 respiciunt
383 2795 433 2839 res
448 2780 479 2839 et
492 2791 642 2856 personas
656 2775 813 2852 Ecclesia,
830 2774 855 2835 si
876 2773 929 2854 qni
951 2774 995 2834 illi
1011 2774 1132 2836 addicti

202 2869 263 2931 sint
273 2868 375 2930 clerici
383 2870 560 2931 seculares.
572 2870 652 2929 Nam
660 2867 685 2928 si
696 2867 857 2947 regulares
870 2867 932 2928 sint
941 2870 973 2928 et
983 2868 1130 2947 exempti,

198 2966 236 3025 ut
250 2961 325 3024 dicit
333 2963 423 3024 card.
446 2963 484 3023 de
498 2964 595 3039 Luca,
608 2960 784 3042 jurisdictio
807 2959 975 3021 cardinalis
999 2960 1132 3022 titularis

200 3056 335 3119 limitata
348 3060 395 3118 cst
407 3056 447 3117 ad
462 3055 635 3134 simplicem
646 3053 793 3114 Ecclesia
803 3049 1001 3114 materialem
1013 3051 1132 3132 inspec-

200 3151 329 3228 tionem,
345 3153 393 3212 etc
397 3195 458 3212 .....

240 3245 292 3308 Sic
308 3244 392 3324 qnod
407 3243 526 3320 spectat
540 3239 581 3302 ad
590 3239 840 3320 jurisdictionem
862 3239 950 3319 qnasi
969 3239 1133 3318 episcopa-

199 3339 274 3414 lem,
298 3355 337 3398 ea
355 3337 517 3396 exercetur
537 3333 570 3393 in
590 3335 657 3394 tota
675 3332 753 3393 urbe
775 3351 795 3393 a
816 3332 967 3394 cardinali
991 3331 1129 3404 vicerio;

203 3430 287 3507 quod
298 3433 404 3490 autem
413 3427 548 3506 pertinet
558 3426 598 3486 ad
606 3425 944 3504 curamparochialem‚
953 3443 991 3487 ca
1000 3423 1131 3507 singulis

203 3520 348 3593 parochis
363 3519 581 3581 demandatur.
