2540 4132
321 343 429 392 rossus
451 343 604 394 srucrsms
624 345 708 392 sums
732 347 886 396 usnemu.
1012 339 1069 400 ltt

131 488 309 570 positionem
322 505 380 546 non
388 487 585 566 presumitur
603 488 774 563 immutato,
790 488 850 550 nesi
863 489 894 550 io
908 489 1072 571 legislatore

134 581 260 644 scicntia
272 588 474 662 presumatur
486 581 569 661 juris
590 582 670 642 illius
688 582 738 642 coi
749 601 808 664 pcc
826 601 889 644 eum
908 583 1072 666 dispositio-

136 695 203 737 nem
226 671 412 737 contradicit.

179 767 269 830 Ratio
284 767 371 828 olere
385 769 451 828 est:
466 766 541 845 quis
555 767 598 828 nil
613 765 744 828 volitum
759 766 818 828 nisi
832 769 1006 850 praeoognit
1062 818 1070 835 .

138 861 202 924 Sed
215 860 318 942 potius
331 859 429 938 quaeri
442 863 547 937 posset
560 859 673 939 quihus
686 859 717 920 in
731 860 1074 940 casibuspraesumetur

137 953 271 1016 scientia
289 952 321 1011 in
338 951 532 1030 legislatore,
548 951 660 1030 quihus
679 951 710 1012 in
731 953 855 1014 casibus
874 973 937 1016 non
954 973 1074 1035 pressu·

136 1049 254 1108 matur.
893 1051 905 1070 ⁶

177 1138 258 1200 Huic
279 1137 443 1217 quaestioni
463 1137 581 1200 directe
598 1138 767 1216 respondet
785 1157 813 1200 c.
829 1156 841 1200 1
856 1140 895 1201 de
916 1143 1074 1206 Constitu·

138 1231 289 1306 tionibus,
301 1230 333 1289 in
346 1231 410 1306 Vl⁰,
423 1229 476 1289 uhi
495 1230 643 1292 statuitur
657 1231 742 1309 quod
755 1231 835 1311 juris
851 1235 1026 1296 communis
1041 1235 1072 1298 iu

139 1323 319 1404 legislatore
334 1321 535 1400 praesumitur
554 1322 698 1400 scientie,
711 1322 792 1403 juris
811 1329 917 1388 eutem
936 1327 1075 1405 perticu-

138 1416 215 1478 leris
240 1415 429 1495 ignorantia.
452 1415 542 1476 Ratio
572 1420 619 1476 est
649 1416 724 1496 quia
753 1435 825 1476 cum
851 1417 1011 1498 legislator
1033 1419 1074 1482 sit

134 1510 210 1571 lens
229 1507 325 1570 totius
336 1507 417 1587 juris
437 1508 629 1584 communis,
646 1508 723 1568 illud
738 1509 971 1588 quodammodo
992 1511 1074 1574 sicut

140 1601 297 1664 inclusum
320 1604 406 1662 tenet
429 1601 461 1661 in
485 1619 542 1661 suu
563 1601 739 1678 voluntate,
755 1603 821 1678 vel,
841 1607 876 1664 ut
897 1603 1020 1681 dicitur,
1039 1603 1072 1666 in

138 1695 267 1756 laudato
293 1693 410 1772 cupite,
433 1693 549 1754 hahere
574 1697 719 1754 censetur
739 1693 772 1754 in
798 1695 912 1756 scrinio
937 1696 1072 1775 pectoris

138 1787 198 1850 sui.
211 1788 290 1849 lure
303 1789 409 1848 eutem
421 1785 624 1864 particularia
637 1785 669 1845 in
682 1785 791 1846 ordine
806 1787 848 1848 ed
859 1787 1072 1867 legislatorem

139 1880 267 1959 sepiunt
284 1878 387 1958 potius
403 1878 475 1940 fecti
496 1896 591 1958 quem
607 1877 702 1956 juris,
719 1883 751 1940 et
767 1879 807 1940 ob
826 1879 951 1942 illorum
967 1880 1071 1944 mulli·

139 1972 311 2052 plicitetem
332 1971 539 2032 credunture
562 1969 910 2048 legislatoreignorari.
929 1974 995 2034 Hoc
1016 1989 1070 2052 po·

138 2067 199 2128 sito
213 2064 381 2144 principio,
398 2064 504 2142 plures
524 2061 609 2124 nesci
625 2065 757 2140 possunt
775 2061 1020 2124 combinationes
1037 2063 1070 2124 in

139 2158 287 2221 conflictu
306 2155 449 2236 interjus
464 2159 496 2217 et
506 2155 579 2236 jus:
940 2219 942 2224 ,

179 2251 261 2313 ΧΙΙΙ.
279 2251 312 2308 1⁰
328 2248 384 2310 Vel
405 2252 526 2326 pugnat
540 2247 592 2327 jus
612 2264 779 2308 commune
800 2264 873 2308 oum
890 2245 962 2326 jure
983 2263 1070 2310 com-

138 2344 240 2421 muni,
251 2343 301 2404 vel
312 2345 343 2402 2⁰
356 2341 490 2420 speciale
501 2340 554 2420 jus
566 2358 638 2400 cum
649 2339 720 2420 jure
735 2339 904 2418 communi,
917 2339 1069 2422 ve13⁰jus

137 2436 274 2518 speciale
291 2453 362 2496 cum
373 2433 445 2513 jure
460 2431 598 2512 speciali.

179 2526 375 2609 Applicendo
392 2525 580 2605 principium
598 2525 658 2586 hoc
677 2524 726 2586 his
745 2525 845 2587 trihus
862 2526 1068 2590 combinatio·

138 2624 242 2699 nibns,
256 2620 318 2682 trie
335 2622 506 2680 nascuntur
523 2617 688 2680 corollaria
701 2616 858 2680 servande
871 2617 903 2678 in
918 2618 978 2678 hoo
992 2635 1067 2680 oon·

138 2717 236 2778 flictu.

178 2813 233 2871 1⁰⁰¹
247 2808 362 2870 Coroll.
380 2805 412 2869 Si
432 2802 612 2885 pugnntjus
631 2821 797 2866 commune
819 2811 890 2866 cum
911 2803 978 2884 ipso
994 2803 1067 2886 jure

136 2902 310 2978 communi,
322 2900 400 2961 illud
414 2899 580 2978 praetcrtur
594 2897 680 2978 quod
691 2897 858 2974 recentius,
872 2897 945 2960 licet
959 2899 999 2960 de
1014 2917 1066 2960 un·

135 2996 272 3078 tiquiore
286 2993 478 3054 mentionem
493 3010 556 3053 non
570 2991 679 3064 feciat3
702 2993 733 3052 et
747 2990 826 3052 ratio
842 2994 889 3052 est
902 2989 976 3071 quie
986 2989 1067 3071 juris

137 3088 314 3152 communis
331 3084 531 3166 presumitur
547 3083 676 3154 scientie
694 3082 726 3142 in
740 3082 928 3162 legislatore.
943 3082 975 3146 si
991 3098 1066 3162 ergo

136 3183 196 3244 hac
221 3181 353 3242 scientia
376 3197 439 3240 non
463 3179 605 3238 obstante
628 3175 680 3255 jus
706 3193 823 3237 novum
846 3175 978 3251 indidit,
998 3174 1066 3254 jem

136 3278 283 3336 censetur
295 3271 432 3336 voluisse
447 3268 604 3350 antiquius
618 3268 784 3348 abrogare.

174 3369 230 3429 2⁰¹³
245 3365 359 3429 Coroll.
377 3364 409 3426 Si
428 3365 548 3444 pugnet
562 3360 615 3441 jus
634 3378 799 3422 commune
818 3377 890 3420 cum
908 3359 979 3438 jure
997 3374 1065 3436 spe·

135 3460 218 3537 ciali,
231 3459 398 3538 preefertur
412 3473 537 3535 semper
549 3453 703 3534 speciale3
725 3453 807 3512 unde
821 3452 888 3511 haec
902 3447 1012 3528 regule
1026 3450 1065 3516 at
1175 3480 1179 3488 ·

133 3553 230 3639 juris,
246 3551 279 3612 in
293 3554 366 3613 Vl⁰:
383 3549 462 3633 quod
479 3547 581 3628 genem
594 3565 651 3625 per
671 3544 791 3623 speciem
812 3541 980 3619 doccatur.
1003 3541 1065 3606 Sed
1175 3589 1179 3596 ,

227 3673 290 3718 rou.
307 3675 325 3716 1.
943 3648 959 3704 9
